@book{Abraham:1999,
  author       = {Uri Abraham},
  title        = {Models for conccurency},
  year         = {1999},
  publisher    = {Gordon and Breach Science Publishers}
}


@article{Aiken:1999,
  author       = {Alexander Aiken},
  title        = {Introduction to set constraint-based program analysis},
  journal      = {Sci. Comput. Program.},
  volume       = {35},
  number       = {2-3},
  year         = {1999},
  issn         = {0167-6423},
  pages        = {79--111},
  doi          = {http://dx.doi.org/10.1016/S0167-6423(99)00007-6},
  publisher    = {Elsevier North-Holland, Inc.},
  address      = {Amsterdam, The Netherlands, The Netherlands},
}


@inproceedings{Aiken+Wimmers:1993,
  author       = {Alexander Aiken and
                  Edward L. Wimmers},
  title        = {Type inclusion constraints and type inference},
  booktitle    = {FPCA '93: Proceedings of the conference on Functional programming languages and computer architecture},
  year         = {1993},
  isbn         = {0-89791-595-X},
  pages        = {31--41},
  location     = {Copenhagen, Denmark},
  doi          = {http://doi.acm.org/10.1145/165180.165188},
  publisher    = {ACM},
  address      = {New York, NY, USA},
}


@inproceedings{Aiken+Wimmers+Lakshman:1994,
  author       = {Alexander Aiken and
                  Edward L. Wimmers and
                  T. K. Lakshman},
  title        = {Soft typing with conditional types},
  booktitle    = {POPL '94: Proceedings of the 21st ACM SIGPLAN-SIGACT symposium on Principles of programming languages},
  year         = {1994},
  isbn         = {0-89791-636-0},
  pages        = {163--173},
  location     = {Portland, Oregon, United States},
  doi          = {http://doi.acm.org/10.1145/174675.177847},
  publisher    = {ACM},
  address      = {New York, NY, USA},
}


@inproceedings{Allen+el:2000,
  author    = {Stuart F. Allen and
               Robert L. Constable and
               Richard Eaton and
               Christoph Kreitz and
               Lori Lorigo},
  title     = {The {N}uprl Open Logical Environment},
  booktitle = {CADE},
  year      = {2000},
  pages     = {170-176},
  ee        = {http://dx.doi.org/10.1007/10721959_12},
  crossref  = {DBLP:conf/cade/2000},
  bibsource = {DBLP, http://dblp.uni-trier.de}
}


@article{Allen+al:2006,
  author       = {Stuart F. Allen and
                  Mark Bickford and
                  Robert L. Constable and
                  Richard Eaton and
                  Christoph Kreitz and
                  Lori Lorigo and
                  Evan Moran},
  title        = {Innovations in computational type theory using {N}uprl},
  journal      = {J. Applied Logic},
  volume       = {4},
  number       = {4},
  year         = {2006},
  pages        = {428-469},
  ee           = {http://dx.doi.org/10.1016/j.jal.2005.10.005},
  bibsource    = {DBLP, http://dblp.uni-trier.de}
}


@unpublished{Altenkirch+McBride+McKinna:2005,
  author       = {Thorsten Altenkirch
                  and Conor McBride
                  and James McKinna},
  title        = {Why Dependent Types Matter},
  year         = {2005},
  note         = {\url{www.cs.nott.ac.uk/~txa/publ/ydtm.pdf}}
}


@inproceedings{Alves+Fernandez+Florido+Mackie:2007,
  author       = {Sandra Alves and
                  Maribel Fern{\'a}ndez and
                  M{\'a}rio Florido and
                  Ian Mackie},
  title        = {Iterator Types},
  pages        = {17--31},
  ee           = {http://dx.doi.org/10.1007/978-3-540-71389-0_3},
  crossref     = {DBLP:conf/fossacs/2007},
  bibsource    = {DBLP, http://dblp.uni-trier.de}
}


@inproceedings{Angluin:1980,
  author       = {Dana Angluin},
  title        = {Local and global properties in networks of processors (Extended Abstract)},
  booktitle    = {Proceedings of the twelfth annual ACM symposium on Theory of computing},
  series       = {STOC '80},
  year         = {1980},
  isbn         = {0-89791-017-6},
  location     = {Los Angeles, California, United States},
  pages        = {82--93},
  numpages     = {12},
  url          = {http://doi.acm.org/10.1145/800141.804655},
  doi          = {http://doi.acm.org/10.1145/800141.804655},
  acmid        = {804655},
  publisher    = {ACM},
  address      = {New York, NY, USA},
} 


@article{Appel:1993,
  author       = {Andrew W. Appel},
  title        = {A Critique of {S}tandard {ML}},
  journal      = {J. Funct. Program.},
  volume       = {3},
  number       = {4},
  year         = {1993},
  pages        = {391--429},
  bibsource    = {DBLP, http://dblp.uni-trier.de}
}


@inproceedings{Appel:2011,
  author    = {Andrew W. Appel},
  title     = {Verified Software Toolchain},
  year      = {2011},
  pages     = {1--17},
  ee        = {http://dx.doi.org/10.1007/978-3-642-19718-5_1},
  crossref  = {DBLP:conf/esop/2011},
  bibsource = {DBLP, http://dblp.uni-trier.de}
}


@techreport{Asperti+Tassi:2006,
  author       = {Andrea Asperti and
                  Enrico Tassi},
  title        = {Modified Realizability and Inductive Types},
  institution  = {Department of Computer Science, University of Bologna},
  year         = {2006}
}


@article{Aspinall+Autexier+Luth+Wagner:2009,
  author       = {David Aspinall and
                  Serge Autexier and
                  Christoph L{\"u}th and
                  Marc Wagner},
  title        = {Towards Merging PlatOmega and PGIP},
  journal      = {Electr. Notes Theor. Comput. Sci.},
  volume       = {226},
  year         = {2009},
  pages        = {3--21},
  ee           = {http://dx.doi.org/10.1016/j.entcs.2008.12.094},
  bibsource    = {DBLP, http://dblp.uni-trier.de}
}


@book{Baader+Nipkow:1998,
  author       = {Franz Baader and
                  Tobias Nipkow},
  title        = {Term rewriting and all that},
  year         = {1998},
  isbn         = {0-521-45520-0},
  publisher    = {Cambridge University Press},
  address      = {New York, NY, USA}
}


@inproceedings{Bailey+Stuckey:2005,
  author       = {James Bailey and
                  Peter J. Stuckey},
  title        = {Discovery of Minimal Unsatisfiable Subsets of Constraints
                  Using Hitting Set Dualization},
  pages        = {174--186},
  ee           = {http://springerlink.metapress.com/openurl.asp?genre=article{\&}issn=0302-9743{\&}volume=3350{\&}spage=174},
  crossref     = {DBLP:conf/padl/2005},
  bibsource    = {DBLP, http://dblp.uni-trier.de}
}


@inproceedings{Banda+Stuckey+Wazny:2003,
  author       = {Maria Garcia de la Banda and
                  Peter J. Stuckey and
                  Jeremy Wazny},
  title        = {Finding all minimal unsatisfiable subsets},
  booktitle    = {PPDP '03: Proceedings of the 5th ACM SIGPLAN international conference on Principles and practice of declaritive programming},
  year         = {2003},
  isbn         = {1-58113-705-2},
  pages        = {32--43},
  location     = {Uppsala, Sweden},
  doi          = {http://doi.acm.org/10.1145/888251.888256},
  publisher    = {ACM},
  address      = {New York, NY, USA},
}


@inproceedings{Barnett+Leino+Schulte:2004,
  author       = {Mike Barnett
                  and K. Rustan M. Leino
                  and Wolfram Schulte},
  title        = {The {S}pec\# programming system: an overview},
  booktitle    = {Proceedings of the 2004 Int'l Conf. on Construction and Analysis of Safe, Secure, and Interoperable Smart Devices},
  series       = {CASSIS'04},
  year         = {2005},
  isbn         = {3-540-24287-2, 978-3-540-24287-1},
  location     = {Marseille, France},
  pages        = {49--69},
  numpages     = {21},
  url          = {http://dx.doi.org/10.1007/978-3-540-30569-9_3},
  doi          = {10.1007/978-3-540-30569-9_3},
  acmid        = {2131549},
  publisher    = {Springer-Verlag},
  address      = {Berlin, Heidelberg},
} 


@article{Barnett+al:2011,
  author       = {Mike Barnett and
                  Manuel F{\"a}hndrich and
                  K. Rustan M. Leino and
                  Peter M{\"u}ller and
                  Wolfram Schulte and
                  Herman Venter},
  title        = {Specification and verification: the {S}pec\# experience},
  journal      = {Commun. ACM},
  volume       = {54},
  number       = {6},
  year         = {2011},
  pages        = {81--91},
  ee           = {http://doi.acm.org/10.1145/1953122.1953145},
  bibsource    = {DBLP, http://dblp.uni-trier.de}
}


@inproceedings{Bhargavan+al:2009,
  author       = {Karthikeyan Bhargavan and
                  Ricardo Corin and
                  Pierre-Malo Deni{\'e}lou and
                  C{\'e}dric Fournet and
                  James J. Leifer},
  title        = {Cryptographic Protocol Synthesis and Verification for Multiparty
                  Sessions},
  year         = {2009},
  pages        = {124--140},
  ee           = {http://doi.ieeecomputersociety.org/10.1109/CSF.2009.26},
  crossref     = {DBLP:conf/csfw/2009},
  bibsource    = {DBLP, http://dblp.uni-trier.de}
}


@inproceedings{Bhargavan+Fournet+Gordon:2010,
  author    = {Karthikeyan Bhargavan and
               C{\'e}dric Fournet and
               Andrew D. Gordon},
  title     = {Modular verification of security protocol code by typing},
  year      = {2010},
  pages     = {445--456},
  ee        = {http://doi.acm.org/10.1145/1706299.1706350},
  crossref  = {DBLP:conf/popl/2010},
  bibsource = {DBLP, http://dblp.uni-trier.de}
}


@book{Barendregt:1984,
  author       = {Henk P. Barendregt},
  title        = {The Lambda Calculus: Its Syntax and Semantics.},
  publisher    = {North-Holland},
  year         = {1984},
  xvolume      = {103},
  xseries      = {Studies in Logic and the Foundations of Mathematics},
  xaddress     = {Amsterdam},
  edition      = {Revised},
  isbn         = {0-444-88748-1 (hardback)}
}


@incollection{Barendregt:1992,
  author       = {Henk P. Barendregt},
  title        = {Lambda Calculi with Types},
  booktitle    = {Handbook of Logic in Computer Science,
                  Volumes 1 (Background: Mathematical Structures)
                  and 2 (Background: Computational Structures),
                  Abramsky \& Gabbay \& Maibaum (Eds.), Clarendon},
  volume       = {2},
  year         = {1992},
  url          = {citeseer.ist.psu.edu/barendregt92lambda.html},
  publisher    = {Oxford University Press, Inc., New York, NY, USA}
}


@article{Barendregt+Coppo+Dezani:1983,
  author    = {Henk P. Barendregt and
               Mario Coppo and
               Mariangiola Dezani-Ciancaglini},
  title     = {A Filter Lambda Model and the Completness of Type Assignment.},
  year      = {1983},
  journal   = {The Journal of Symbolic Logic},
  volume    = {48},
  number    = {4}
}


@techreport{Barendregt+Bergstra+Klop+Volken:1976,
  author       = {Henk P. Barendregt and
                  Jan A. Bergstra and
                  Jan W. Klop and
                  Henri Volken},
  title        = {Degrees, reductions and representability in the lambda calculus.},
  type         = {Technical Report},
  institution  = {University of Utrecht, Department of Mathematics},
  number       = {Preprint no. 22},
  year         = {1976},
  pages        = {13--53}
}


@article{Beaven+Stansifer:1993,
  author       = {Mike Beaven and
                  Ryan Stansifer},
  title        = {Explaining type errors in polymorphic languages},
  journal      = {ACM Letters on Programming Languages and Systems},
  volume       = {2},
  number       = {1-4},
  year         = {1993},
  issn         = {1057-4514},
  pages        = {17--30},
  doi          = {http://doi.acm.org/10.1145/176454.176460},
  publisher    = {ACM},
  address      = {New York, NY, USA}
}


@misc{Becker:2008,
  author       = {Benus Becker},
  title        = {EasyOCaml},
  year         = {2008},
  note         = {\url{http://easyocaml.forge.ocamlcore.org/}}
}


@inproceedings{Bengtson+al:2008,
  author       = {Jesper Bengtson and
                  Karthikeyan Bhargavan and
                  C\'{e}dric Fournet and
                  Andrew D. Gordon and
                  Sergio Maffeis},
  title        = {Refinement Types for Secure Implementations},
  year         = {2008},
  isbn         = {978-0-7695-3182-3},
  pages        = {17--32},
  numpages     = {16},
  url          = {http://dl.acm.org/citation.cfm?id=1380848.1381243},
  doi          = {10.1109/CSF.2008.27},
  acmid        = {1381243},
  crossref     = {DBLP:conf/csfw/2008},
}


@inproceedings{Berghofer+Nipkow:2000,
  author       = {Stefan Berghofer and
                  Tobias Nipkow},
  title        = {Executing Higher Order Logic},
  year         = {2000},
  pages        = {24--40},
  ee           = {http://dx.doi.org/10.1007/3-540-45842-5_2},
  crossref     = {DBLP:conf/types/2000},
  bibsource    = {DBLP, http://dblp.uni-trier.de}
}


@inproceedings{Berghofer:2002,
  author    = {Stefan Berghofer},
  title     = {Program Extraction in Simply-Typed Higher Order Logic},
  year      = {2002},
  pages     = {21-38},
  ee        = {http://dx.doi.org/10.1007/3-540-39185-1_2},
  crossref  = {DBLP:conf/types/2002},
  bibsource = {DBLP, http://dblp.uni-trier.de}
}


@book{Bertot+Casteran:2004,
  author       = {Yves Bertot and
                  Pierre Casteran},
  title        = {Interactive Theorem Proving and Program Development},
  year         = {2004},
  isbn         = {3540208542},
  publisher    = {SpringerVerlag},
} 


@techreport{Bickford+Kreitz+VanRenesse:2001,
  author       = {Mark Bickford and 
                  Christoph Kreitz and
                  Robbert Van Renesse},
  title        = {Formally verifying hybrid protocols with the {N}uprl
                  logical programming environment},
  institution  = {Cornell University},
  year         = {2001}
}


@article{Bickford+Constable+Halpern+Petride:2011,
  author       = {Mark Bickford and
                  Robert L. Constable and
                  Joseph Y. Halpern and
                  Sabina Petride},
  title        = {Knowledge-Based Synthesis of Distributed Systems Using Event
                  Structures},
  journal      = {Logical Methods in Computer Science},
  volume       = {7},
  number       = {2},
  year         = {2011},
  ee           = {http://dx.doi.org/10.2168/LMCS-7(2:14)2011},
  bibsource    = {DBLP, http://dblp.uni-trier.de}
}
inproceedings{Bickford+Constable+Halpern+Petride:2005,
  author       = {Mark Bickford and
                  Robert C. Constable and
                  Joseph Y. Halpern and
                  Sabina Petride},
  title        = {Knowledge-based synthesis of distributed systems using event structures},
  year         = {2005},
  pages        = {449--465},
  crossref     = {DBLP:conf/lpar/2004},
}


@inproceedings{Bickford:2008,
  author       = {Mark Bickford},
  title        = {Unguessable Atoms: A Logical Foundation for Security},
  year         = {2008},
  pages        = {30--53},
  ee           = {http://dx.doi.org/10.1007/978-3-540-87873-5_7},
  crossref     = {DBLP:conf/vstte/2008},
  bibsource    = {DBLP, http://dblp.uni-trier.de}
}


@inproceedings{Bickford:2009,
  author       = {Mark Bickford},
  title        = {Component Specification Using Event Classes},
  year         = {2009},
  pages        = {140-155},
  ee           = {http://dx.doi.org/10.1007/978-3-642-02414-6_9},
  crossref     = {DBLP:conf/cbse/2009},
  bibsource    = {DBLP, http://dblp.uni-trier.de}
}


@incollection{Bickford+Constable:2008,
  author       = {Mark Bickford and
                  Robert L. Constable},
  title        = {Formal Foundations of Computer Security},
  booktitle    = {NATO Science for Peace and Security Series, D: Information and Communication Security},
  pages        = {29--52},
  volume       = {14},
  year         = {2008}
}


@techreport{Bickford+Constable+Guaspari:2011a,
  author       = {Mark Bickford and
                  Robert Constable and
                  David Guaspari},
  title        = {Generating Event Logics with Higher-Order Processes as Realizers},
  institution  = {Cornell University},
  year         = {2010},
}


@manual{Bickford+Constable+Eaton+Guaspari+Rahli:2011,
  author       = {Mark Bickford and
                  Robert L. Constable and
                  Richard Eaton and
                  David Guaspari and
                  Vincent Rahli},
  title        = {Introduction to {EventML}},
  note         = {\url{www.nuprl.org/software/eventml/IntroductionToEventML.pdf}},
  year         = {2012}
}


@inproceedings{Birman+al:2000a,
  author       = {Ken Birman and
                  Robert Constable and
                  Mark Hayden and
                  Jason Hickey and
                  Christoph Kreitz and
                  Robbert van Renesse and
                  Ohad Rodeh and
                  Werner Vogels},
  title        = {The {H}orus and {E}nsemble projects: Accomplishments and limitations.},
  booktitle    = {In DARPA Information Survivability Conference and Exposition (DISCEX 2000)},
  pages        = {149--160},
  publisher    = {IEEE Computer Society Press},
  year         = {2000}
}


@phdthesis{Blume:1997,
   author      = {Matthias Blume},
   school      = {Princeton University},
   title       = {Hierarchical Modularity and Intermodule Optimization},
   year        = {1997},
   month       = {November},
   url         = {\url{http://people.cs.uchicago.edu/~blume/papers/thesis.pdf}},
}


@article{Blume:1999,
  author       = {Matthias Blume},
  title        = {Dependency analysis for {S}tandard {ML}},
  journal      = {ACM Trans. Program. Lang. Syst.},
  volume       = {21},
  number       = {4},
  year         = {1999},
  pages        = {790--812},
  ee           = {http://doi.acm.org/10.1145/325478.325481},
  bibsource    = {DBLP, http://dblp.uni-trier.de}
}


@mastersthesis{Bogdanov:2001,
   author      = {Andrej Bogdanov},
   title       = {Formal verification of simulations between {I/O} automata},
   school      = {Department of Electrical Engineering and Computer Science, Massachusetts Institute of Technology, Cambridge, MA},
   year        = {2001}
}


@inproceedings{Bohm:2010,
  author    = {Peter B{\"o}hm},
  title     = {A framework for incremental modelling and verification of
               on-chip protocols},
  year      = {2010},
  pages     = {159-166},
  ee        = {http://ieeexplore.ieee.org/xpls/abs_all.jsp?arnumber=5770945},
  crossref  = {DBLP:conf/fmcad/2010},
  bibsource = {DBLP, http://dblp.uni-trier.de}
}


@inproceedings{Bonichon+Delahaye+Doligez:2007,
  author       = {Richard Bonichon and
                  David Delahaye and
                  Damien Doligez},
  title        = {Zenon : An Extensible Automated Theorem Prover Producing
                  Checkable Proofs},
  year         = {2007},
  pages        = {151-165},
  ee           = {http://dx.doi.org/10.1007/978-3-540-75560-9_13},
  crossref     = {DBLP:conf/lpar/2007},
  bibsource    = {DBLP, http://dblp.uni-trier.de}
}


@inproceedings{Bonniot:2002,
  author       = {Daniel Bonniot},
  title        = {Type-checking multi-methods in {ML} (A modular approach)},
  booktitle    = {In The Ninth International Workshop on Foundations of Object-Oriented Languages, FOOL 9},
  year         = {2002},
  pages        = {14--27}
}


@inproceedings{Boustani+Hage:2009,
  author       = {Nabil El Boustani and
                  Jurriaan Hage},
  title        = {Improving type error messages for {G}eneric {J}ava},
  booktitle    = {PEPM},
  year         = {2009},
  pages        = {131--140},
  ee           = {http://doi.acm.org/10.1145/1480945.1480964},
  crossref     = {DBLP:conf/pepm/2009},
  bibsource    = {DBLP, http://dblp.uni-trier.de}
}


@inproceedings{Boustani+Hage:2010,
  author       = {Nabil El Boustani and
                  Jurriaan Hage},
  title        = {Corrective hints for type incorrect {G}eneric {J}ava programs},
  booktitle    = {PEPM},
  year         = {2010},
  pages        = {5--14},
  ee           = {http://doi.acm.org/10.1145/1706356.1706360},
  crossref     = {DBLP:conf/pepm/2010},
  bibsource    = {DBLP, http://dblp.uni-trier.de}
}


@inproceedings{Bove+Bybjer+Norell:2009,
  author       = {Ana Bove and
                  Peter Dybjer and
                  Ulf Norell},
  title        = {A Brief Overview of Agda - A Functional Language with Dependent
                  Types},
  year         = {2009},
  pages        = {73-78},
  ee           = {http://dx.doi.org/10.1007/978-3-642-03359-9_6},
  crossref     = {DBLP:conf/tphol/2009},
  bibsource    = {DBLP, http://dblp.uni-trier.de}
}


@inproceedings{Brael:2004,
  author       = {Bernd Bra{\ss}el},
  title        = {Type{H}ope - There is Hope for your Type Errors},
  pages        = {185--198},
  ee           = {http://dx.doi.org/10.1007/11431664_5},
  crossref     = {DBLP:conf/ifl/2004},
  bibsource    = {DBLP, http://dblp.uni-trier.de}
}


@article{Caleiro+Vigan+Basin:2005,
  author       = {Carlos Caleiro and
                  Luca Vigan{\`o} and
                  David A. Basin},
  title        = {Metareasoning about Security Protocols using Distributed
                  Temporal Logic},
  journal      = {Electr. Notes Theor. Comput. Sci.},
  volume       = {125},
  number       = {1},
  year         = {2005},
  pages        = {67--89},
  ee           = {http://dx.doi.org/10.1016/j.entcs.2004.05.020},
  bibsource    = {DBLP, http://dblp.uni-trier.de}
}


@article{Cardelli+Wegner:1985,
  author       = {Luca Cardelli and 
                  Peter Wegner},
  title        = {On Understanding Types, Data Abstraction, and Polymorphism},
  journal      = {ACM Computing Surveys},
  volume       = {17},
  number       = {4},
  pages        = {471--522},
  year         = {1985},
  url          = {citeseer.ist.psu.edu/cardelli85understanding.html}
}


misc{Carlier+Haack+Wells:2002,
  author       = {S\'ebastien Carlier and
                  Christian Haack and
                  J. B. Wells},
  title        = {Web demo: Type error slicing},
  year         = {2002},
  note         = {\url{http://www.macs.hw.ac.uk/ultra/compositional-analysis/ type-error-slicing/}}
}


@inproceedings{Carlier+Polakow+Wells+Kfoury:2004,
  author       = {S{\'e}bastien Carlier and
                  Jeff Polakow and
                  J. B. Wells and
                  Assaf J. Kfoury},
  title        = {System {E}: Expansion Variables for Flexible Typing with Linear
                  and Non-linear Types and Intersection Types},
  year         = {2004},
  pages        = {294--309},
  ee           = {http://springerlink.metapress.com/openurl.asp?genre=article{\&}issn=0302-9743{\&}volume=2986{\&}spage=294},
  crossref     = {DBLP:conf/esop/2004},
  bibsource    = {DBLP, http://dblp.uni-trier.de}
}


@article{Carlier+Wells:2005,
  author       = {S{\'e}bastien Carlier and
                  J. B. Wells},
  title        = {Expansion: the Crucial Mechanism for Type Inference with
                  Intersection Types: A Survey and Explanation},
  journal      = {Electr. Notes Theor. Comput. Sci.},
  volume       = {136},
  year         = {2005},
  pages        = {173--202},
  ee           = {http://dx.doi.org/10.1016/j.entcs.2005.03.026},
  bibsource    = {DBLP, http://dblp.uni-trier.de}
}


@unpublished{Carlier+Wells:2008,
  author       = {S\'{e}bastien Carlier and
                  J. B. Wells},
  title        = {The algebra of expansion},
  note         = {Draft corresponding roughly to an ITRS 2008 workshop talk},
  year         = {2008}
}


@inproceedings{Chambers+Grossman+Lerner:2006,
  author       = {Benjamin Lerner and
                  Dan Grossman and
                  Craig Chambers},
  title        = {{SEMINAL}: Searching for {ML} Type-Error Messages},
  pages        = {63--73},
  ee           = {http://doi.acm.org/10.1145/1159876.1159887},
  crossref     = {DBLP:conf/ml/2006},
  bibsource    = {DBLP, http://dblp.uni-trier.de}
}


@inproceedings{Chambers+Grossman+Flower+Lerner:2007,
  author       = {Benjamin S. Lerner and
                  Matthew Flower and
                  Dan Grossman and
                  Craig Chambers},
  title        = {Searching for Type-Error Messages},
  ee           = {http://doi.acm.org/10.1145/1250734.1250783},
  crossref     = {DBLP:conf/pldi/2007},
  bibsource    = {DBLP, http://dblp.uni-trier.de}
}


@inproceedings{Chaudhuri+Doligez+Lamport+Merz:2010a,
  author       = {Kaustuv Chaudhuri and
                  Damien Doligez and
                  Leslie Lamport and
                  Stephan Merz},
  title        = {{Verifying Safety Properties With the TLA+ Proof System}},
  affiliation  = {PARSIFAL - INRIA Saclay - Ile de France , GALLIUM - INRIA Rocquencourt , Microsoft Research , VERIDIS - INRIA Lorraine},
  booktitle    = {{Fifth International Joint Conference on Automated Reasoning - IJCAR 2010}},
  publisher    = {Springer},
  pages        = {142--148},
  address      = {Edinburgh, United Kingdom},
  volume       = {6173},
  editor       = {J{\"u}rgen Giesl and Reiner Haehnle },
  series       = {Lecture Notes in Artificial Intelligence },
  year         = {2010}
}


@inproceedings{Chaudhuri+Doligez+Lamport+Merz:2010b,
  author       = {Kaustuv C. Chaudhuri and
                  Damien Doligez and
                  Leslie Lamport and
                  Stephan Merz},
  title        = {{The TLA+ Proof System: Building a Heterogeneous Verification Platform}},
  affiliation  = {PARSIFAL - INRIA Saclay - Ile de France , GALLIUM - INRIA Rocquencourt , Microsoft Research , MOSEL - LORIA},
  booktitle    = {{International Conference on Theoretical Aspects of Computing - ICTAC 2010}},
  publisher    = {Springer},
  pages        = {44},
  address      = {Natal, Br{\'e}sil},
  volume       = {6255},
  editor       = {Ana Cavalcanti and David D{\'e}harbe and Marie-Claude Gaudel and Jim Woodcock },
  series       = {Lecture Notes in Computer Science },
  year         = {2010},
}


@inproceedings{Chitil:2001,
  author       = {Olaf Chitil},
  title        = {Compositional explanation of types and algorithmic debugging of type errors},
  booktitle    = {ICFP '01: Proceedings of the sixth ACM SIGPLAN international conference on Functional programming},
  year         = {2001},
  isbn         = {1-58113-415-0},
  pages        = {193--204},
  location     = {Florence, Italy},
  doi          = {http://doi.acm.org/10.1145/507635.507659},
  publisher    = {ACM},
  address      = {New York, NY, USA},
 }


@inproceedings{Chlipala:2010,
  author    = {Adam Chlipala},
  title     = {A verified compiler for an impure functional language},
  year      = {2010},
  pages     = {93--106},
  ee        = {http://doi.acm.org/10.1145/1706299.1706312},
  crossref  = {DBLP:conf/popl/2010},
  bibsource = {DBLP, http://dblp.uni-trier.de}
}


@article{Church:1932,
  author       = {Alonzo Church},
  title        = {A set of Postulates for the Foundations of Logic.},
  journal      = {The Annals of Mathematics},
  volume       = {33},
  number       = {2},
  month        = {April},
  year         = {1932},
  pages        = {346--366}
}


@article{Clark+Darlington:1980,
  author       = {Keith L. Clark and
                  John Darlington},
  title        = {Algorithm Classification Through Synthesis},
  journal      = {The Computer Journal},
  volume       = {23},
  number       = {1},
  year         = {1980},
  pages        = {61--65},
  bibsource    = {DBLP, http://dblp.uni-trier.de}
}


@inproceedings{Clement+Despeyroux+Kahn+Despeyroux:1986,
  author       = {Dominique Cl\'{e}ment and
                  Thierry Despeyroux and
                  Gilles Kahn and
                  Jo\"{e}lle Despeyroux},
  title        = {A simple applicative language: mini-{ML}},
  booktitle    = {Proceedings of the 1986 ACM conference on LISP and functional programming},
  series       = {LFP '86},
  year         = {1986},
  isbn         = {0-89791-200-4},
  location     = {Cambridge, Massachusetts, United States},
  pages        = {13--27},
  numpages     = {15},
  url          = {http://doi.acm.org/10.1145/319838.319847},
  doi          = {http://doi.acm.org/10.1145/319838.319847},
  acmid        = {319847},
  publisher    = {ACM},
  address      = {New York, NY, USA},
}


@book{Constable+Johnson+Eichenlaub:1982,
  author       = {Robert L. Constable and
                  Scott Johnson and
                  C. D. Eichenlaub},
  title        = {An Introduction to the {PL/CV2} Programming Logic},
  publisher    = {Springer},
  series       = {Lecture Notes in Computer Science},
  volume       = {135},
  year         = {1982},
  isbn         = {3-540-11492-0},
  ee           = {http://dx.doi.org/10.1007/3-540-11492-0},
  bibsource    = {DBLP, http://dblp.uni-trier.de}
}


@techreport{Constable:2008,
  author       = {Robert L. Constable},
  title        = {Effectively Nonblocking Consensus Procedures Can Execute Forever - a Constructive Version of FLP},
  institution  = {Cornell University},
  number       = {11513},
  year         = {2008}
}


@book{Constable+al:1986,
  author       = {R. L. Constable and
                  S. F. Allen and
                  H. M. Bromley and
                  W. R. Cleaveland and
                  J. F. Cremer and
                  R. W. Harper and
                  D. J. Howe and
                  T. B. Knoblock and
                  N. P. Mendler and
                  P. Panangaden and
                  J. T. Sasaki and
                  S. F. Smith},
  title        = {Implementing mathematics with the {N}uprl proof development system},
  year         = {1986},
  isbn         = {0-13-451832-2},
  publisher    = {Prentice-Hall, Inc.},
  address      = {Upper Saddle River, NJ, USA},
} 


@techreport{Constable+Bickford+vanRenesse:2010,
  author       = {Robert Constable and
                  Mark Bickford and
                  Robbert Van Renesse},
  title        = {Investigating Correct-by-Construction Attack-Tolerant Systems.},
  institution  = {Department of Computer Science, Cornell University},
  year         = {2010}
}


@article{Coppo+Dezani:1978,
  author       = {Mario Coppo and
                  Mariangiola Dezani-Ciancaglini},
  title        = {A New Type Assignment for $\lambda$-terms.},
  journal      = {Archive for Mathematical Logic},
  volume       = {19},
  number       = {1},
  pages        = {139--156},
  year         = {1978}
}


@article{Coppo+Dezani:1979,
  author    = {Mario Coppo and
               Mariangiola Dezani-Ciancaglini},
  title     = {An Extension of the Basic Functionality Theory for the $\l$-calculus.},
  journal   = {Notre Dame Journal of Formal Logic},
  volume    = {21},
  number    = {4},
  year      = {1979}
}


@incollection{Coppo+Dezani+Venneri:1980,
  author       = {Mario Coppo and
                  Mariangiola Dezani-Ciancaglini and
                  Betti Venneri},
  booktitle    = Sel+Hin:HBC-1980,
  publisher    = {J.R. Hindley and J.P. Seldin},
  title        = {Principal type schemes and $\lambda$-calculus semantic.},
  pages        = {535--560},
  year         = {1980}
}


@article{Coppo+Dezani+Venneri:1981,
  author       = {Mario Coppo and
                  Mariangiola Dezani-Ciancaglini and
                  Betti Venneri},
  title        = {Functional Characters of Solvable Terms},
  journal      = {Mathematische Logik Und Grundlagen der Mathematik},
  pages        = {45--58},
  volume       = {27},
  year         = {1981},
}


@misc{Coq,
  title        = {The {C}oq {P}roof {A}ssistant},
  note         = {\url{http://coq.inria.fr/}}
}


@incollection{Coquand:1998,
  author       = {Catarina Coquand},
  title        = {A realizability interpretation of Martin-L\"{o}f's type theory},
  booktitle    = {Twenty-Five Years of Constructive Type Theory},
  pages        = {73--82},
  publisher    = {Oxford University Press},
  year         = {1998},
  editor       = {G. Sambin and J. Smith}
}


@inproceedings{Coquand+Coquand:1999,
  author       = {Catarina Coquand and Thierry Coquand},
  title        = {Structured type theory},
  booktitle    = {In Proc. Workshop on Logical Frameworks and Meta-languages},
  year         = {1999}
}


@techreport{tr:CousineauHuet90a,
  hal_id       = {inria-00070045},
  url          = {http://hal.inria.fr/inria-00070045/en/},
  title        = {{The CAML primer}},
  author       = {G. Cousineau and
                  G{\'e}rard Huet},
  language     = {English},
  affiliation  = {INRIA Rocquencourt - INRIA Rocquencourt - INRIA},
  pages        = {78},
  institution  = {INRIA},
  number       = {RT-0122},
  year         = {1990},
  month        = Sep,
  pdf          = {http://hal.inria.fr/inria-00070045/PDF/RT-0122.pdf},
}


@manual{mi:ml-handbook84a,
  author       = {Guy Cousineau and
                  G\'erard Huet and
                  Larry Paulson},
  title        = {The {ML} handbook},
  year         = {1984}
}


@article{Curry:1934,
  author       = {Haskell B. Curry},
  title        = {Functionality in Combinatory Logic},
  journal      = {Proc. Nat. Acad, Sci. USA},
  pages        = {584--590},
  volume       = {20},
  year         = {1934},
}


@inproceedings{Damas+Milner:1982,
  author       = {Luis Damas and
                  Robin Milner},
  title        = {Principal type-schemes for functional programs},
  booktitle    = {POPL82},
  year         = {1982},
  isbn         = {0-89791-065-6},
  pages        = {207--212},
  location     = {Albuquerque, Mexico},
  doi          = {http://doi.acm.org/10.1145/582153.582176},
  publisher    = {ACM},
  address      = {New York, NY, USA},
}


@phdthesis{Damas:1984,
  author      = {Luis M. M. Damas},
  title       = {Type Assignment in Programming Languages.},
  year        = {1984},
  school      = {University of Edinburgh}
}


@article{Damiani:2007,
  author       = {Ferruccio Damiani},
  title        = {Rank 2 Intersection for Recursive Definitions},
  number       = {4},
  volume       = {77},
  url          = {http://www.di.unito.it/~damiani/papers/fi1.html},
  tag          = {Fundamenta Informaticae},
  publisher    = {IOS Press},
  journal      = {Fundamenta Informaticae},
  year         = {2007},
  pages        = {451--488},
}


@article{Dezani+Honsell+Alessi:2003,
  author       = {Mariangiola Dezani-Ciancaglini and
                  Furio Honsell and
                  Fabio Alessi},
  title        = {A complete characterization of complete intersection-type
                  preorders},
  journal      = {ACM Trans. Comput. Log.},
  volume       = {4},
  number       = {1},
  year         = {2003},
  pages        = {120--147},
  ee           = {http://doi.acm.org/10.1145/601775.601780},
  bibsource    = {DBLP, http://dblp.uni-trier.de}
}


@article{Dolev+Klawe+Rodeh:1982,
  author       = {Danny Dolev and
                  Maria M. Klawe and
                  Michael Rodeh},
  title        = {An {O}(n log n) Unidirectional Distributed Algorithm for Extrema
                  Finding in a Circle},
  journal      = {J. Algorithms},
  volume       = {3},
  number       = {3},
  year         = {1982},
  pages        = {245-260},
  ee           = {http://dx.doi.org/10.1016/0196-6774(82)90023-2},
  bibsource    = {DBLP, http://dblp.uni-trier.de}
}


@inproceedings{Duggan:1998,
  author       = {Dominic Duggan},
  title        = {Correct type explanation},
  booktitle    = {In ACM SIGPLAN Workshop on {ML}},
  pages        = {49--58},
  year         = {1998},
}


@article{Duggan+Bent:1996,
  author       = {Dominic Duggan and
                  Frederick Bent},
  title        = {Explaining Type Inference},
  journal      = {Sci. Comput. Program.},
  volume       = {27},
  number       = {1},
  year         = {1996},
  pages        = {37--83},
  bibsource    = {DBLP, http://dblp.uni-trier.de}
}


@book{Dummett:1977,
  author       = {Michael A. E. Dummett},
  title        = {Elements of Intuitionism},
  year         = {1977},
  publisher    = {Oxford University Press},
}


@inproceedings{Eifrig+Smith+Trifonov:1994,
  author       = {Jonathan Eifrig and
                  Scott Smith and
                  Valery Trifonov},
  title        = {Type Inference for Recursively Constrained Types and
                  its Application to {OOP}},
  booktitle    = {Mathematical Foundations of Programming Semantics},
  series       = {Electronic Notes in Theoretical Computer Science},
  publisher    = {Elsevier Science},
  volume       = {1},
  year         = {1995},
  url          = {http://www.cs.jhu.edu/~scott/ftp/ooinfer.ps.gz}
}


@article{Farkh+Nour:1997,
  author       = {Samir Farkh and
                  Karim Nour},
  title        = {R{\'e}sultats de compl{\'e}tude pour des classes de
                  types du syst{\`e}me {{\it{F}}}2.},
  journal      = {ITA},
  volume       = {31},
  number       = {6},
  year         = {1997},
  pages        = {513--537},
  bibsource    = {DBLP, http://dblp.uni-trier.de}
}


@inproceedings{Field+Tip:1994,
  author       = {John Field and
                  Frank Tip},
  title        = {Dynamic Dependence in Term rewriting Systems and its Application to Program Slicing},
  booktitle    = {Proceedings of the 6th International Symposium on Programming Language Implementation and Logic Programming},
  year         = {1994},
  isbn         = {3-540-58402-1},
  pages        = {415--431},
  numpages     = {17},
  url          = {http://portal.acm.org/citation.cfm?id=646450.692784},
  acmid        = {692784},
  publisher    = {Springer-Verlag},
  address      = {London, UK},
}


@article{Field+Tip:1998,
  author       = {John Field and
                  Frank Tip},
  title        = {Dynamic Dependence in Term rewriting Systems and its Application to Program Slicing},
  journal      = {Information and Software Technology},
  volume       = {40},
  number       = {11-12},
  pages        = {609--636},
  year         = {1998},
}


@article{Fischer+Lynch+Patterson:1985,
  author       = {Michael J. Fischer and
                  Nancy A. Lynch and
                  Mike Paterson},
  title        = {Impossibility of Distributed Consensus with One Faulty Process},
  journal      = {J. ACM},
  volume       = {32},
  number       = {2},
  year         = {1985},
  pages        = {374--382},
  ee           = {db/journals/jacm/FischerLP85.html, http://doi.acm.org/10.1145/3149.214121},
  bibsource    = {DBLP, http://dblp.uni-trier.de}
}


@article{Frederickson+Lynch:1987,
  author       = {Greg N. Frederickson and
                  Nancy A. Lynch},
  title        = {Electing a leader in a synchronous ring},
  journal      = {J. ACM},
  volume       = {34},
  number       = {1},
  year         = {1987},
  pages        = {98-115},
  ee           = {http://doi.acm.org/10.1145/7531.7919},
  bibsource    = {DBLP, http://dblp.uni-trier.de}
}


@article{Freund+Flanagan:2007,
  author       = {Cormac Flanagan and
                  Stephen N. Freund},
  title        = {Type inference against races},
  journal      = {Science of Computer Programming},
  volume       = {64},
  number       = {1},
  year         = {2007},
  issn         = {0167-6423},
  pages        = {140--165},
  doi          = {http://dx.doi.org/10.1016/j.scico.2006.03.006},
  publisher    = {Elsevier North-Holland, Inc.},
  address      = {Amsterdam, The Netherlands, The Netherlands},
}


@techreport{Garland+Lynch:1998,
  author       = {S. Garland and
                  N. Lynch},
  title        = {The {IOA} Language and Toolset: Support for Designing, Analyzing, and Building Distributed Systems},
  institution  = {Laboratory for Computer Science, Massachusetts Institute of Technology, Cambridge, MA},
  number       = {MIT/LCS/TR-762},
  year         = {1998}
}


@incollection{Garland+Lynch:2000,
  author       = {Stephen J. Garland and
                  Nancy Lynch},
  title        = {Using {I/O} automata for developing distributed systems},
  booktitle    = {Foundations of componentbased systems}, 
  editor       = {Leavens, Gary T. and Sitaraman, Murali},
  year         = {2000},
  isbn         = {0-521-77164-1},
  pages        = {285--312},
  numpages     = {28},
  url          = {http://dl.acm.org/citation.cfm?id=336431.336455},
  acmid        = {336455},
  publisher    = {Cambridge University Press},
  address      = {New York, NY, USA},
} 


@techreport{Garland+Lynch+Tauber+Vaziri:2004,
  author       = {S. Garland and
                  N. Lynch and
                  J. Tauber and
                  M. Vaziri},
  title        = {{IOA} user guide and reference manual},
  institution  = {Laboratory for Computer Science, Massachusetts Institute of Technology, Cambridge, MA},
  number       = {MIT/LCS/TR-961},
  year         = {2004}
}


@inproceedings{Gast:2004,
  author       = {Holger Gast},
  title        = {Explaining {ML} Type Errors by Data Flows},
  pages        = {72--89},
  ee           = {http://dx.doi.org/10.1007/11431664_5},
  crossref     = {DBLP:conf/ifl/2004},
  bibsource    = {DBLP, http://dblp.uni-trier.de}
}


@techreport{Gay+Vasconcelos+Ravara:2003,
  author       = {Simon Gay and
                  Vasco Vasconcelos and
                  Antonio Ravara},
  title        = {Session Types for Inter-Process Communication},
  institution  = {University of Glasgow},
  number       = {TR-2003-133},
  year         = {2003}
}


@inproceedings{Gay+Vasconcelos+Ravara+Gesbert+Caldeira:2010,
  author       = {Simon J. Gay and
                  Vasco T. Vasconcelos and
                  Ant\'{o}nio Ravara and
                  Nils Gesbert and
                  Alexandre Z. Caldeira},
  title        = {Modular session types for distributed object-oriented programming},
  crossref     = {DBLP:conf/popl/2010},
  year         = {2010},
  isbn         = {978-1-60558-479-9},
  pages        = {299--312},
  numpages     = {14},
  url          = {http://doi.acm.org/10.1145/1706299.1706335},
  doi          = {http://doi.acm.org/10.1145/1706299.1706335},
  acmid        = {1706335},
  publisher    = {ACM},
  address      = {New York, NY, USA},
}  


@article{Georgiou+Lynch+Mavrommatis+Tauber:2009,
  author       = {Chryssis Georgiou and
                  Nancy Lynch and
                  Panayiotis Mavrommatis and
                  Joshua A. Tauber},
  title        = {Automated implementation of complex distributed algorithms specified in the {IOA} language},
  journal      = {Int. J. Softw. Tools Technol. Transf.},
  volume       = {11},
  issue        = {2},
  month        = {February},
  year         = {2009},
  issn         = {1433-2779},
  pages        = {153--171},
  numpages     = {19},
  url          = {http://dl.acm.org/citation.cfm?id=1529842.1529844},
  doi          = {10.1007/s10009-008-0097-7},
  acmid        = {1529844},
  publisher    = {Springer-Verlag},
  address      = {Berlin, Heidelberg},
  keywords     = {Automated code generator, Formal methods, IOA Toolkit, Input/Output automata, Verifiable distributed code},
} 


@article{Ghilezan+Kuncak:2001,
  author       = {Silvia Ghilezan and 
                  Viktor Kun\v{c}ak},
  title        = {Confluence of Untyped Lambda Calculus via Simple Types},
  journal      = {Lecture Notes in Computer Science},
  volume       = {2202},
  pages        = {38--49},
  year         = {2001},
  url          = {citeseer.ist.psu.edu/463525.html}
}


@inproceedings{Girard:1971,
  author       = {Jean-Yves Girard},
  title        = {Une Extension de l'interpr\'{e}tation de {G}\"{o}del \`{a} l'analyse, et 
                  son application a l'\'{e}limination des coupures dans l'analyse 
                  et la th\'{e}orie des types.},
  booktitle    = {Proceedings of the Second Scandinavian Logic Symposium},
  pages        = {63--92},
  year         = {1971},
}


@phdthesis{Girard:1972,
  author       = {Jean-Yves Girard},
  title        = {Interpr\'{e}tation Fonctionnelle et \'{E}limination des Coupures de 
                  l'Arithm\'{e}tique d'Ordre Sup\'{e}rieur.},
  school       = {Universite de Paris VII},
  year         = {1972}
}


@book{Girad+Taylor+Lafont:1989,
  author       = {Jean-Yves Girard and
                  Paul Taylor and
                  Yves Lafont},
  title        = {Proofs and Types},
  publisher    = {Cambridge University Press},
  year         = {1989}
}


@unpublished{Godel:1934,
  author       = {Kurt G\"{o}del},
  title        = {On Undecidable Propositions of Formal Mathematical Systems},
  year         = {1934},
  note         = {Lecture notes taken by S. C. Kleene and B. Rosser at the Institute for Advanced Study
                  (reprinted in Davis, 1965, 39--74)}
}


@inproceedings{Gordon+Milner+Morris+Newey+Wadsworth:1978,
  author       = {Michael J. C. Gordon and 
                  Robin Milner and 
                  L. Morris and 
                  Malcolm C. Newey and 
                  Christopher P. Wadsworth},
  title        = {A Metalanguage for interactive proof in {LCF}.},
  booktitle    = {POPL '78: Proceedings of the 5th ACM SIGACT-SIGPLAN symposium
                  on Principles of programming languages},
  year         = {1978},
  pages        = {119--130},
  location     = {Tucson, Arizona},
  doi          = {http://doi.acm.org/10.1145/512760.512773},
  publisher    = {ACM},
  address      = {New York, NY, USA}
}


@book{Gordon+Milner+Wadsworth:1979,
  author       = {Michael J. C. Gordon and
                  Robin Milner and
                  Christopher P. Wadsworth},
  title        = {Edinburgh {LCF}: A Mechanised Logic of Computation.},
  publisher    = {Springer-Verlag},
  series       = {Lecture Notes in Computer Science},
  volume       = {78},
  year         = {1979}
}


@book{Gordon+Melham:93a,
  author       = {Michael Gordon and
                  T. Melham},
  title        = {Introduction to {HOL}: a theorem proving environment for higher-order logic},
  publisher    = {Cambridge University Press},
  year         = {1993}
}


@inproceedings{Gustavsson+Svenningsson:2001,
  author       = {J{\"o}rgen Gustavsson and
                  Josef Svenningsson},
  title        = {Constraint Abstractions},
  booktitle    = {PADO},
  year         = {2001},
  pages        = {63--83},
  ee           = {http://link.springer.de/link/service/series/0558/bibs/2053/20530063.htm},
  crossref     = {DBLP:conf/pado/2001},
  bibsource    = {DBLP, http://dblp.uni-trier.de}
}


@inproceedings{Haack+Wells:2003,
  author       = {Christian Haack and
                  J. B. Wells},
  title        = {Type Error Slicing in Implicitly Typed Higher-Order Languages},
  booktitle    = {ESOP},
  year         = {2003},
  pages        = {284--301},
  ee           = {http://link.springer.de/link/service/series/0558/bibs/2618/26180284.htm},
  crossref     = {DBLP:conf/esop/2003},
  bibsource    = {DBLP, http://dblp.uni-trier.de}
}


@article{Haack+Wells:2004,
  author       = {Christian Haack and
                  J. B. Wells},
  title        = {Type error slicing in implicitly typed higher-order languages},
  journal      = {Science of Computer Programming},
  volume       = {50},
  number       = {1-3},
  year         = {2004},
  issn         = {0167-6423},
  pages        = {189--224},
  doi          = {http://dx.doi.org/10.1016/j.scico.2004.01.004},
  publisher    = {Elsevier North-Holland, Inc.},
  address      = {Amsterdam, The Netherlands, The Netherlands}
}


@techreport{Hage+Heeren:2005a,
  author       = {Jurriaan Hage and
                  Bastiaan Heeren},
  title        = {Ordering type constraints: A structured approach},
  institution  = {Institute of information and computing sciences, utrecht university},
  year         = {2005}
}


@inproceedings{Hage+Heeren:2005,
  author       = {Bastiaan Heeren and
                  Jurriaan Hage},
  title        = {Type Class Directives},
  pages        = {253--267},
  ee           = {http://springerlink.metapress.com/openurl.asp?genre=article{\&}issn=0302-9743{\&}volume=3350{\&}spage=253},
  crossref     = {DBLP:conf/padl/2005},
  bibsource    = {DBLP, http://dblp.uni-trier.de}
}


@inproceedings{Hage+Heeren:2006,
  author    = {Jurriaan Hage and
               Bastiaan Heeren},
  title     = {Heuristics for Type Error Discovery and Recovery},
  pages     = {199--216},
  ee        = {http://dx.doi.org/10.1007/978-3-540-74130-5_12},
  crossref  = {DBLP:conf/ifl/2006},
  bibsource = {DBLP, http://dblp.uni-trier.de}
}


@article{Hage+Heeren:2009,
  author    = {Jurriaan Hage and
               Bastiaan Heeren},
  title     = {Strategies for Solving Constraints in Type and Effect Systems},
  journal   = {Electron. Notes Theor. Comput. Sci.},
  volume    = {236},
  year      = {2009},
  issn      = {1571-0661},
  pages     = {163--183},
  doi       = {http://dx.doi.org/10.1016/j.entcs.2009.03.021},
  publisher = {Elsevier Science Publishers B. V.},
  address   = {Amsterdam, The Netherlands, The Netherlands},
}


@techreport{Hallett+Kfoury:2004,
  author       = {J. J. Hallett and
                  Assaf J. Kfoury},
  title        = {Programming examples needing polymorphic recursion},
  institution  = {In ITRS'04 (workshop},
  year         = {2004}
}


@misc{Harper:2009,
  author       = {Robert Harper},
  title        = {Programming in {S}tandard {ML}},
  year         = {2009},
  note         = {Working draft of August 20, 2009}
}


@phdthesis{Hayden:98a,
  author       = {Mark Hayden},
  title        = {The {Ensemble} System},
  school       = {Cornell University, Department of Computer Science},
  year         = {1998},
  note         = {Technical Report TR98-1662}
}


@phdthesis{Heeren:2005,
  author       = {Bastiaan J. Heeren},
  school       = {Universiteit Utrecht, The Netherlands},
  title        = {Top Quality Type Error Messages},
  year         = {2005},
  month        = {September},
  url          = {\url{http://www.cs.uu.nl/people/bastiaan/phdthesis}},
}


@inproceedings{Heeren+Hage+Swierstra:2003a,
  author       = {Bastiaan Heeren and
                  Jurriaan Hage and
                  S. Doaitse Swierstra},
  title        = {Constraint based type inferencing in {H}elium},
  month        = {September},
  year         = {2003},
  editor       = {M.-C.~Silaghi and M.~Zanker},
  pages        = {59--80},
  booktitle    = {Workshop Proceedings of Immediate Applications of Constraint Programming},
  address      = {Cork},
  pubcat       = {workshop},
  notes        = {Based on \cite{heeren2002parametric} and \cite{heeren2002generalizing}},
}


@inproceedings{Heeren+Hage+Swierstra:2003b,
  author       = {Bastiaan Heeren and
                  Jurriaan Hage and
                  S. Doaitse Swierstra},
  title        = {Scripting the type inference process},
  booktitle    = {Eighth ACM Sigplan International Conference on Functional Programming},
  year         = {2003},
  publisher    = {ACM Press},
  address      = {New York},
  pages        = {3--13},
  pubcat       = {conference},
}


@techreport{Heeren+Jeuring+Swierstra+Alcocer:2002,
  author       = {Bastiaan Heeren and
                  Johan Jeuring and
                  S. Doaitse Swierstra and
                  Pablo Azero Alcocer},
  title        = {Improving type-error messages in functional languages},
  institution  = {Utrecht University},
  year         = {2002}
}


@inproceedings{Henglein:1988,
  author       = {Fritz Henglein},
  title        = {Type inference and semi-unification},
  booktitle    = {LISP and functional programming},
  year         = {1988},
  isbn         = {0-89791-273-X},
  pages        = {184--197},
  location     = {Snowbird, Utah, United States},
  doi          = {http://doi.acm.org/10.1145/62678.62701},
  publisher    = {ACM},
  address      = {New York, NY, USA},
}


@article{Henglein:1993,
  author       = {Fritz Henglein},
  title        = {Type inference with polymorphic recursion},
  journal      = {ACM Trans. Program. Lang. Syst.},
  volume       = {15},
  number       = {2},
  year         = {1993},
  issn         = {0164-0925},
  pages        = {253--289},
  doi          = {http://doi.acm.org/10.1145/169701.169692},
  publisher    = {ACM},
  address      = {New York, NY, USA},
}


@article{Hindley:1969,
  author       = {J. Roger Hindley},
  title        = {The Principal Type Schemes of an Object in Combinatory Logic.},
  journal      = {Transaction of the American Mathematical Society.},
  volume       = {146},
  pages        = {26--60},
  year         = {1969}
}


@article{Hindley:1977,
  author       = {J. Roger Hindley},
  title        = {The Equivalence of Complete Reductions.},
  journal      = {Transaction of the American Mathematical Society.},
  volume       = {229},
  pages        = {227--248},
  year         = {1977}
}


@article{Hindley:1978a,
  author       = {J. Roger Hindley},
  title        = {Reductions of Residuals are Finite.},
  journal      = {Transaction of the American Mathematical Society.},
  volume       = {240},
  pages        = {345--361},
  year         = {1978}
}


@article{Hindley:1978b,
  author       = {J. Roger Hindley},
  title        = {Standard and Normal Reductions.},
  journal      = {Transaction of the American Mathematical Society.},
  volume       = {241},
  pages        = {253--271},
  year         = {1978}
}


@inproceedings{Hindley-I:1982,
  author       = {J. Roger Hindley},
  title        = {The simple semantics for {C}oppo-{D}ezani-{S}all{\'e} types.},
  booktitle    = {Symposium on Programming},
  year         = {1982},
  pages        = {212--226},
  crossref     = {Hindley:1982},
  bibsource    = {DBLP, http://dblp.uni-trier.de}
}


@proceedings{Hindley:1982,
  editor       = {Mariangiola Dezani-Ciancaglini and
                  Ugo Montanari},
  title        = {International Symposium on Programming, 5th Colloquium,
                  Torino, Italy, April 6-8, 1982, Proceedings},
  booktitle    = {Symposium on Programming},
  publisher    = {Springer},
  series       = {Lecture Notes in Computer Science},
  volume       = {137},
  year         = {1982},
  isbn         = {3-540-11494-7},
  bibsource    = {DBLP, http://dblp.uni-trier.de}
}


@article{Hindley:1983a,
  author       = {J. Roger Hindley},
  title        = {The Completeness Theorem for Typing lambda-Terms.},
  journal      = {Theor. Comput. Sci.},
  volume       = {22},
  year         = {1983},
  pages        = {1--17},
  bibsource    = {DBLP, http://dblp.uni-trier.de}
}


@article{Hindley:1983b,
  Author       = {J. Roger Hindley},
  Title        = {Curry's Types Are Complete with Respect to {F}-semantics Too},
  Journal      = {Theoretical Computer Science},
  volume       = {22},
  Pages        = {127--133},
  Year         = {1983},
}


@techreport{Hindley+Cardone:2006,
  author       = {Felice Cardone and
                  J. Roger Hindley},
  title        = {History of Lambda-calculus and Combinatory Logic},
  institution  = {Swansea University Mathematics Department},
  year         = {2006},
}


@phdthesis{Hofstra:2003,
  author       = {Pieter J. W. Hofstra},
  school       = {University of Utrecht},
  title        = {Completions in realizability},
  year         = {2003},
  url          = {\url{http://www.staff.science.uu.nl/~ooste110/realizability.html}},
}


@article{Hofstra:2006,
  Author       = {Pieter J. W. Hofstra},
  Title        = {All realizability is relative},
  Journal      = {Mathematical Proceedings of the Cambridge Philosophical Society},
  volume       = {141},
  number       = {2},
  Pages        = {239--264},
  Year         = {2006},
}


@incollection{Howard:1969,
  author       = {W. A. Howard},
  booktitle    = Sel+Hin:HBC-1980,
  publisher    = {J.R. Hindley and J.P. Seldin},
  title        = {The formulae-as-types notion of construction},
  pages        = {479--490},
  year         = {1969}
}


@article{Hudak:1992,
  author       = {Paul Hudak and
                  Simon Peyton Jones and
                  Philip Wadler and
                  Brian Boutel and
                  Jon Fairbairn and
                  Joseph Fasel and
                  Mar\'{\i}a M. Guzm\'{a}n and
                  Kevin Hammond and
                  John Hughes and
                  Thomas Johnsson and
                  Dick Kieburtz and
                  Rishiyur Nikhil and
                  Will Partain and
                  John Peterson},
  title        = {Report on the programming language Haskell: a non-strict, purely functional language version 1.2},
  journal      = {SIGPLAN Not.},
  volume       = {27},
  issue        = {5},
  month        = {May},
  year         = {1992},
  issn         = {0362-1340},
  pages        = {1--164},
  numpages     = {164},
  url          = {http://doi.acm.org/10.1145/130697.130699},
  doi          = {http://doi.acm.org/10.1145/130697.130699},
  acmid        = {130699},
  publisher    = {ACM},
  address      = {New York, NY, USA},
}


@article{Kaes:1992,
  author       = {Stefan Kaes},
  title        = {Type inference in the presence of overloading, subtyping and recursive types},
  journal      = {SIGPLAN Lisp Pointers},
  volume       = {V},
  number       = {1},
  year         = {1992},
  issn         = {1045-3563},
  pages        = {193--204},
  doi          = {http://doi.acm.org/10.1145/141478.141540},
  publisher    = {ACM},
  address      = {New York, NY, USA},
}


@article{Kamareddine:2005,
  author       = {Fairouz Kamareddine},
  title        = {Typed lambda-calculi with one binder.},
  journal      = {J. Funct. Program.},
  volume       = {15},
  number       = {5},
  year         = {2005},
  pages        = {771--796},
  ee           = {http://dx.doi.org/10.1017/S095679680500554X},
  bibsource    = {DBLP, http://dblp.uni-trier.de}
}


@article{Kamareddine+Bloo+Nederpelt:1999,
  author       = {Fairouz Kamareddine and
                  Roel Bloo and
                  Rob Nederpelt},
  title        = {On Pi-Conversion in the lambda-Cube and the Combination
                  with Abbreviations.},
  journal      = {Ann. Pure Appl. Logic},
  volume       = {97},
  number       = {1--3},
  year         = {1999},
  pages        = {27--45},
  bibsource    = {DBLP, http://dblp.uni-trier.de}
}


@book{Kamareddine+Laan+Nederpelt:2004,
  author       = {Fairouz Kamareddine and
                  Twan Laan and
                  Rob Nederpelt},
  title        = {A modern Perspective on Type Theory. From its Origins until Today.},
  publisher    = {Applied Logic Series},
  volume       = {29},
  year         = {2004}
}


@article{Kamareddine+Nederpelt:1996,
  author       = {Fairouz Kamareddine and
                  Rob Nederpelt},
  title        = {Canonical Typing and Pi-Conversion in the Barendregt Cube.},
  journal      = {J. Funct. Program.},
  volume       = {6},
  number       = {2},
  year         = {1996},
  pages        = {245--267},
  bibsource    = {DBLP, http://dblp.uni-trier.de}
}


@article{Kamareddine+Nour:2007,
  author       = {Fairouz Kamareddine and
                  Karim Nour},
  title        = {A completeness result for a realisability semantics 
                  for an intersection type system.},
  journal      = {Annals of Pure and Applied Logic},
  volume       = {146},
  year         = {2007},
  pages        = {180--198}
}


@inproceedings{Kamareddine+Nour+Rahli:2008,
  author       = {Fairouz Kamareddine and
                  Karim Nour and
                  Vincent Rahli and
                  J. B. Wells},
  title        = {A Complete Realisability Semantics for Intersection Types
                  and Arbitrary Expansion Variables},
  year         = {2008},
  pages        = {171--185},
  ee           = {http://dx.doi.org/10.1007/978-3-540-85762-4_12},
  crossref     = {DBLP:conf/ictac/2008},
  bibsource    = {DBLP, http://dblp.uni-trier.de}
}


@unpublished{Kamareddine+Nour+Rahli+Wells:2006,
  author       = {Fairouz Kamareddine and
                  Karim Nour and
                  Vincent Rahli and 
                  J. B. Wells},
  title        = {Developing Realisability Semantics for Intersection 
                  Types and Expansion Variables.},
  note         = {Presented to ITRS'08, 4th Workshop on Intersection Types and
                  Related Systems, Turin, Italy, 25 March 2008},
  year         = {2008}
}


@article{Kamareddine+Rahli:2009,
  author       = {Fairouz Kamareddine and
                  Vincent Rahli},
  title        = {Simplified Reducibility Proofs of {C}hurch-{R}osser for $\beta$-
                  and $\beta\eta$-reduction},
  journal      = {Electr. Notes Theor. Comput. Sci.},
  volume       = {247},
  year         = {2009},
  pages        = {85--101},
  ee           = {http://dx.doi.org/10.1016/j.entcs.2009.07.050},
  bibsource    = {DBLP, http://dblp.uni-trier.de}
}


@unpublished{Kamareddine+Rahli+Wells:2008,
  author       = {Fairouz Kamareddine and
                  Vincent Rahli and
                  J. B. Wells},
  title        = {Reducibility Proofs in the $\lambda$-Calculus.},
  note         = {Presented to ITRS'08, 4th Workshop on Intersection Types and
                  Related Systems, Turin, Italy, 25 March 2008},
  year         = {2008}
}


@unpublished{Kamareddine+Nour+Rahli+Wells:2008,
  author    = {Fairouz Kamareddine and
               Karim Nour and
               Vincent Rahli and 
               J. B. Wells},
  title     = {Challenges and Solutions to Realisability Semantics for
               Intersection Types with Expansion Variables.},
  note      = {Submitted to Fundamenta Informaticae},
  year      = {2008}
}


@techreport{Kamareddine+Rahli+Wells:2009,
  author       = {Vincent Rahli and
                  J. B. Wells and
                  Fairouz Kamareddine},
  title        = {Challenges of a type error slicer for the {SML} language},
  institution  = {Heriot-Watt University, MACS, ULTRA group},
  number       = {HW-MACS-TR-0071},
  year         = {2009}
}


@techreport{Kamareddine+Rahli+Wells:2010,
  author       = {Vincent Rahli and
                  J. B. Wells and
                  Fairouz Kamareddine},
  title        = {A constraint system for a {SML} type error slicer},
  institution  = {Heriot-Watt University, MACS, ULTRA group},
  number       = {HW-MACS-TR-0079},
  year         = {2010}
}


@techreport{Kanellakis+Mairson+Mitchell:1990,
  author       = {Paris C. Kanellakis and
                  Harry G. Mairson and
                  John C. Mitchell},
  title        = {Unification and {ML} Type Reconstruction},
  year         = {1990},
  source       = {http://www.ncstrl.org:8900/ncstrl/servlet/search?formname=detail\&id=oai%3Ancstrlh%3Abrowncs%3ABrownCS%2F%2FCS-90-26},
  publisher    = {Brown University},
  address      = {Providence, RI, USA},
}


@book{Kaynar+al:2010,
  author       = {Dilsun Kirli Kaynar and
                  Nancy A. Lynch and
                  Roberto Segala and
                  Frits W. Vaandrager},
  title        = {The Theory of Timed I/O Automata, Second Edition},
  publisher    = {Morgan {\&} Claypool Publishers},
  series       = {Synthesis Lectures on Distributed Computing Theory},
  year         = {2010},
  ee           = {http://dx.doi.org/10.2200/S00310ED1V01Y201011DCT005},
  bibsource    = {DBLP, http://dblp.uni-trier.de}
}


@inproceedings{Kfoury+Tiuryn+Urzyczyn:1990,
  author       = {Assaf J. Kfoury and
                  Jerzy Tiuryn and
                  Pawel Urzyczyn},
  title        = {The Undecidability of the Semi-Unification Problem (Preliminary Report)},
  pages        = {468--476},
  crossref     = {DBLP:conf/stoc/STOC22},
  bibsource    = {DBLP, http://dblp.uni-trier.de}
}


@article{Kfoury+Tiuryn+Urzyczyn:1993,
  author       = {Assaf J. Kfoury and
                  Jerzy Tiuryn and
                  Pawel Urzyczyn},
  title        = {Type reconstruction in the presence of polymorphic recursion},
  journal      = {ACM Trans. Program. Lang. Syst.},
  volume       = {15},
  number       = {2},
  year         = {1993},
  issn         = {0164-0925},
  pages        = {290--311},
  doi          = {http://doi.acm.org/10.1145/169701.169687},
  publisher    = {ACM},
  address      = {New York, NY, USA},
}


@inproceedings{Kfoury+Wells:1999,
  author       = {Assaf J. Kfoury and
                  J. B. Wells},
  title        = {Principality and Decidable Type Inference for Finite-Rank
                  Intersection Types},
  booktitle    = {POPL},
  year         = {1999},
  pages        = {161--174},
  ee           = {http://doi.acm.org/10.1145/292540.292556},
  bibsource    = {DBLP, http://dblp.uni-trier.de}
}


@article{Kfoury+Wells:2004,
  author       = {Assaf J. Kfoury and
                  J. B. Wells},
  title        = {Principality and type inference for intersection types using expansion variables},
  journal      = {Theor. Comput. Sci.},
  volume       = {311},
  number       = {1-3},
  year         = {2004},
  issn         = {0304-3975},
  pages        = {1--70},
  doi          = {http://dx.doi.org/10.1016/j.tcs.2003.10.032},
  publisher    = {Elsevier Science Publishers Ltd.},
  address      = {Essex, UK},
}


@inproceedings{Kitchin+Cook+Misra:2006,
  author       = {David Kitchin and
                  William R. Cook and
                  Jayadev Misra},
  title        = {A Language for Task Orchestration and Its Semantic Properties},
  year         = {2006},
  pages        = {477--491},
  ee           = {http://dx.doi.org/10.1007/11817949_32},
  crossref     = {DBLP:conf/concur/2006},
  bibsource    = {DBLP, http://dblp.uni-trier.de}
}


@inproceedings{Kitchin+Quark+Cook+Misra:2009,
  author       = {David Kitchin and
                  Adrian Quark and
                  William R. Cook and
                  Jayadev Misra},
  title        = {The {Orc} Programming Language},
  year         = {2009},
  pages        = {1--25},
  ee           = {http://dx.doi.org/10.1007/978-3-642-02138-1_1},
  crossref     = {DBLP:conf/forte/2009},
  bibsource    = {DBLP, http://dblp.uni-trier.de}
}


@book{Kleene:1967,
  author       = {Stephen C. Kleene},
  title        = {Mathematical Logic},
  publisher    = {John Wiley \& Sons},
  year         = {1967}
}


@inproceedings{Klein+al:2009,
  author       = {Gerwin Klein and
                  Kevin Elphinstone and
                  Gernot Heiser and
                  June Andronick and
                  David Cock and
                  Philip Derrin and
                  Dhammika Elkaduwe and
                  Kai Engelhardt and
                  Rafal Kolanski and
                  Michael Norrish and
                  Thomas Sewell and
                  Harvey Tuch and
                  Simon Winwood},
  title        = {{seL4}: Formal Verification of an {OS} Kernel},
  year         = {2009},
  pages        = {207--220},
  crossref     = {DBLP:conf/sosp/2009},
}


@article{Koletsos+Stavrinos:2007,
  author       = {George Koletsos and 
                  Yiorgos Stavrinos},
  title        = {{C}hurch-{R}osser Property and Intersection Types.},
  journal      = {Australasian Journal of Logic},
  year         = {2007}
}


@incollection{Kreisel:1959,
  author       = {Georg Kreisel},
  title        = {Interpretation of analysis by means of constructive functionals of finite types},
  booktitle    = {Constructivity in Mathematics},
  publisher    = {North-Holland Publishing},
  editor       = {A. Heyting},
  year         = {1959},
  pages        = {101--128}
}


@inproceedings{Kreitz+Hayden+Hickey:1998,
  author       = {Christoph Kreitz and
                  Mark Hayden and
                  Jason Hickey},
  title        = {A Proof Environment for the Development of Group Communication
                  Systems},
  year         = {1998},
  pages        = {317--332},
  ee           = {http://link.springer.de/link/service/series/0558/bibs/1421/14210317.htm},
  crossref     = {DBLP:conf/cade/1998},
  bibsource    = {DBLP, http://dblp.uni-trier.de}
}


@manual{Kreitz:02,
  author       = {Christoph Kreitz},
  title        = {The {N}uprl {P}roof {D}evelopment {S}ystem, Version 5, {R}eference {M}anual and {U}ser's {G}uide},
  organization = {Cornell University, Ithaca, NY},
  year         = {2002},
  note         = {\url{www.nuprl.org/html/02cucs-NuprlManual.pdf}},
}


@manual{Kreitz+Rahli:2011,
  author       = {Christoph Kreitz and
                  Vincent Rahli},
  title        = {Introduction to Classic ML},
  year         = {2011}
}


@inproceedings{Kulkarni+Rushby+Shankar:1999,
  author       = {Sandeep S. Kulkarni and
                  John M. Rushby and
                  Natarajan Shankar},
  title        = {A case-study in component-based mechanical verification
                  of fault-tolerant programs},
  year         = {1999},
  pages        = {33--40},
  crossref     = {DBLP:conf/wss/1999},
  bibsource    = {DBLP, http://dblp.uni-trier.de}
}

	  
@proceedings{HeytingA:conm,
  title        = {Constructivity in Mathematics},
  editor       = {A. Heyting},
  year         = {1959},
  publisher    = {North-Holland Publishing Company}
}


@book{Krivine:1990,
  author       = {Jean-Louis Krivine},
  title        = {Lambda-calcul, types et mod\`{e}les.},
  publisher    = {Masson},
  year         = {1990}
}


@article{Krivine:2001,
  author       = {Jean-Louis Krivine},
  title        = {Typed Lambda-calculus in classical Zermelo-Fraenkel Set Theory.},
  journal      = {Archive of Mathematical Logic},
  volume       = {40},
  number       = {3},
  pages        = {189--205},
  year         = {2001}
}


@article{Lamport:1978,
  author       = {Leslie Lamport},
  title        = {Time, Clocks, and the Ordering of Events in a Distributed
                  System},
  journal      = {Commun. ACM},
  volume       = {21},
  number       = {7},
  year         = {1978},
  pages        = {558--565},
  ee           = {http://doi.acm.org/10.1145/359545.359563},
  bibsource    = {DBLP, http://dblp.uni-trier.de}
}


@article{Lamport:1998,
  author       = {Leslie Lamport},
  title        = {The Part-Time Parliament},
  journal      = {ACM Trans. Comput. Syst.},
  volume       = {16},
  number       = {2},
  year         = {1998},
  pages        = {133-169},
  ee           = {http://doi.acm.org/10.1145/279227.279229},
  bibsource    = {DBLP, http://dblp.uni-trier.de}
}


@book{Lamport:2004,
  author       = {Leslie Lamport},
  title        = {Specifying Systems: The {TLA+} Language and Tools for Hardware and Software Engineers},
  year         = {2004},
  publisher    = {Addison-Wesley},
} 


@manual{Lamport:2011,
  author       = {Leslie Lamport},
  title        = {{TLA}$^{+2}$: A Preliminary Guide},
  note         = {\url{msr-inria.inria.fr/~doligez/tlaps/}},
  year         = {2011}
}


@article{Lau:1989,
  author       = {Kung-Kiu Lau},
  title        = {A Note on Synthesis and Classification of Sorting Algorithms},
  journal      = {Acta informatica},
  volume       = {27},
  number       = {1},
  year         = {1989},
  pages        = {73--80},
  bibsource    = {DBLP, http://dblp.uni-trier.de}
}


@article{Lee+Yi:1998,
  author       = {Oukseh Lee and
                  Kwangkeun Yi},
  title        = {Proofs about a Folklore Let-Polymorphic Type Inference Algorithm},
  journal      = {ACM Transanctions on Programming Languages and Systems},
  pages        = {707--723},
  year         = {1998},
  volume       = {20},
  number       = {4},
  month        = {jul},
  url          = {citeseer.ist.psu.edu/151436.html}
}


@inproceedings{Leroy:1998,
  author       = {Xavier Leroy},
  title        = {An overview of Types in Compilation},
  booktitle    = {In Lecture Notes in Computer Science},
  year         = {1998},
  pages        = {1--8},
  publisher    = {Springer-Verlag}
}


@manual{ma:Caml00a,
  author       = {Xavier Leroy},
  title        = {The {Objective Caml} system release 3.00},
  organization = {Institut National de Recherche en Informatique et en Automatique},
  year         = {2000}
}


@inproceedings{Leroy+Weis:1991,
  author       = {Xavier Leroy and
                  Pierre Weis},
  title        = {Polymorphic type inference and assignment},
  booktitle    = {POPL '91: Proceedings of the 18th ACM SIGPLAN-SIGACT symposium on Principles of programming languages},
  year         = {1991},
  isbn         = {0-89791-419-8},
  pages        = {291--302},
  location     = {Orlando, Florida, United States},
  doi          = {http://doi.acm.org/10.1145/99583.99622},
  publisher    = {ACM},
  address      = {New York, NY, USA},
}


@inproceedings{Leroy:2006,
  author    = {Xavier Leroy},
  title     = {Formal certification of a compiler back-end or: programming
               a compiler with a proof assistant},
  year      = {2006},
  pages     = {42-54},
  ee        = {http://doi.acm.org/10.1145/1111037.1111042},
  crossref  = {DBLP:conf/popl/2006},
  bibsource = {DBLP, http://dblp.uni-trier.de}
}


@article{Levy:1976,
  author       = {Jean-Jacques L{\'e}vy},
  title        = {An Algebraic Interpretation of the {\it lambda beta}
                  {K}-Calculus; and an Application of a Labelled {\it lambda}-Calculus.},
  journal      = {Theoretical Compututer Science},
  volume       = {2},
  number       = {1},
  year         = {1976},
  pages        = {97--114},
  bibsource    = {DBLP, http://dblp.uni-trier.de}
}


@inproceedings{Liu+al:1999,
  author       = {Xiaoming Liu and
                  Christoph Kreitz and
                  Robbert van Renesse and
                  Jason Hickey and
                  Mark Hayden and
                  Kenneth P. Birman and
                  Robert L. Constable},
  title        = {Building reliable, high-performance communication systems
                  from components},
  booktitle    = {SOSP},
  year         = {1999},
  pages        = {80--92},
  ee           = {http://doi.acm.org/10.1145/319151.319157},
  bibsource    = {DBLP, http://dblp.uni-trier.de}
}


@inproceedings{Liu+al:2009,
  author       = {Jed Liu and
                  Michael D. George and
                  K. Vikram and
                  Xin Qi and
                  Lucas Waye and
                  Andrew C. Myers},
  title        = {Fabric: A platform for secure distributed computation and storage},
  year         = {2009},
  crossref     = {DBLP:conf/sosp/2009},
  pages        = {321--334}
}


@inproceedings{Lynch+Tuttle:1987,
  author       = {Nancy A. Lynch and
                  Mark R. Tuttle},
  title        = {Hierarchical correctness proofs for distributed algorithms},
  booktitle    = {Proceedings of the sixth annual ACM Symposium on Principles of distributed computing},
  series       = {PODC '87},
  year         = {1987},
  isbn         = {0-89791-239-X},
  location     = {Vancouver, British Columbia, Canada},
  pages        = {137--151},
  numpages     = {15},
  url          = {http://doi.acm.org/10.1145/41840.41852},
  doi          = {http://doi.acm.org/10.1145/41840.41852},
  acmid        = {41852},
  publisher    = {ACM},
  address      = {New York, NY, USA},
} 


@book{Lynch:1996,
  author       = {Nancy A. Lynch},
  title        = {Distributed Algorithms},
  publisher    = {Morgan Kaufmann},
  year         = {1996},
  isbn         = {1-55860-348-4},
  bibsource    = {DBLP, http://dblp.uni-trier.de}
}


@inproceedings{Lynch+Michel+Shvartsman:2008,
  author       = {Nancy A. Lynch and
                  L. Michel and
                  A. A. Shvartsman},
  title        = {Tempo: A toolkit for the timed input/output automata formalism},
  booktitle    = {Proceedings of the 1st Int'l Conf. on Simulation Tooks and Techniques for Communications, Networks and Systems -- Industrial Track: Simulation Works},
  year         = {2008}
} 


@article{Martelli+Montanari:1982,
  author       = {Alberto Martelli and
                  Ugo Montanari},
  title        = {An Efficient Unification Algorithm},
  journal      = {ACM Trans. Program. Lang. Syst.},
  volume       = {4},
  number       = {2},
  year         = {1982},
  issn         = {0164-0925},
  pages        = {258--282},
  doi          = {http://doi.acm.org/10.1145/357162.357169},
  publisher    = {ACM},
  address      = {New York, NY, USA},
}


@inproceedings{MartinLof:1982,
  author       = {Martin-L\"{o}f},
  title        = {Constructive Mathematics and Computer Programming},
  booktitle    = {6th INternational Congress for Logic, Methodology and Philosophy of Science},
  year         = {1982},
  pages        = {153--175},
  location     = {Noth-Holland, Amsterdam}
}


@inproceedings{McAdam:1999,
  author       = {Bruce J. McAdam},
  title        = {On the Unification of Substitutions in Type Inference},
  pages        = {137--152},
  ee           = {http://link.springer.de/link/service/series/0558/bibs/1595/15950137.htm},
  crossref     = {DBLP:conf/ifl/1998},
  bibsource    = {DBLP, http://dblp.uni-trier.de}
}


@article{McAllester:2002,
  author       = {David McAllester},
  title        = {On the complexity analysis of static analyses},
  journal      = {J. ACM},
  volume       = {49},
  number       = {4},
  year         = {2002},
  issn         = {0004-5411},
  pages        = {512--537},
  doi          = {http://doi.acm.org/10.1145/581771.581774},
  publisher    = {ACM},
  address      = {New York, NY, USA},
}


@article{McBride+McKinna:2004,
  author       = {Conor McBride and
                  James McKinna},
  title        = {The view from the left},
  journal      = {J. Funct. Program.},
  volume       = {14},
  number       = {1},
  year         = {2004},
  pages        = {69--111},
  ee           = {http://dx.doi.org/10.1017/S0956796803004829},
  bibsource    = {DBLP, http://dblp.uni-trier.de}
}


@inproceedings{McBride:2004,
  author       = {Conor McBride},
  title        = {Epigram: Practical Programming with Dependent Types},
  year         = {2004},
  pages        = {130--170},
  ee           = {http://dx.doi.org/10.1007/11546382_3},
  crossref     = {DBLP:conf/afp/2004},
  bibsource    = {DBLP, http://dblp.uni-trier.de}
}


@article{Milner:1978,
  author       = {Robin Milner},
  title        = {A theory of type polymorphism in programming},
  journal      = {Journal of Computer and System Sciences},
  month        = {December},
  number       = {3},
  pages        = {348--375},
  volume       = {17},
  year         = {1978}
}


@Book{Milner+Tofte+Harper:1990,
  author       = {Robin Milner and
                  Mads Tofte and
                  Robert Harper},
  title        = {The Definition of {S}tandard {ML}},
  year         = {1990},
  isbn         = {0262631326},
  publisher    = {MIT Press},
  address      = {Cambridge, MA, USA}
}


@book{Milner+Tofte+Harper+Macqueen:1997,
  author       = {Robin Milner and
                  Mads Tofte and
                  Robert Harper and
                  David Macqueen},
  title        = {The Definition of {S}tandard {ML} (Revised)},
  year         = {1997},
  isbn         = {0262631814},
  publisher    = {MIT Press},
  address      = {Cambridge, MA, USA},
}


@inproceedings{Moggi:1989,
  author       = {Eugenio Moggi},
  title        = {Computational Lambda-Calculus and Monads},
  booktitle    = {LICS},
  year         = {1989},
  pages        = {14--23},
  crossref     = {DBLP:conf/lics/LICS4},
  bibsource    = {DBLP, http://dblp.uni-trier.de}
}


@inproceedings{Mogbil+Rahli:2007,
  author       = {Virgile Mogbil and
                  Vincent Rahli},
  title        = {Uniform Circuits, {\&} Boolean Proof Nets},
  year         = {2007},
  pages        = {401--421},
  ee           = {http://dx.doi.org/10.1007/978-3-540-72734-7_28},
  crossref     = {DBLP:conf/lfcs/2007},
  bibsource    = {DBLP, http://dblp.uni-trier.de}
}


@techreport{Muller:1994,
  author       = {Martin M\"{u}ller},
  title        = {A constraint-based recast of {ML}-polymorphism (Extended Abstract)},
  institution  = {8th International Workshop on unification},
  year         = {1994}
}


@misc{Muller:1998,
  author       = {Martin M\"{u}ller},
  title        = {Notes on {HM(X)}},
  institution  = {Programming Systems Lab, Universit\"{a}t des Saarlandes},
  year         = {1998}
}


@techreport{Musial:2011,
  author       = {Peter Musial},
  title        = {Using Timed Input/Output Automata for Implementing Distributed Systems},
  institution  = {Cambridge},
  year         = {2011},
  URL          = {http://www.veromodo.com/resources/Tempo2JavaGuide.pdf}
}


@inproceedings{Mycroft:1984,
  author       = {Alan Mycroft},
  title        = {Polymorphic Type Schemes and Recursive Definitions},
  pages        = {217--228},
  crossref     = {DBLP:conf/programm/1984},
  bibsource    = {DBLP, http://dblp.uni-trier.de}
}


@article{Naik+Palsberg:2008,
  author       = {Mayur Naik and
                  Jens Palsberg},
  title        = {A type system equivalent to a model checker},
  journal      = {ACM Transactions on Programming Languages and Systems},
  volume       = {30},
  number       = {5},
  year         = {2008},
  issn         = {0164-0925},
  pages        = {1--24},
  doi          = {http://doi.acm.org/10.1145/1387673.1387678},
  publisher    = {ACM},
  address      = {New York, NY, USA},
}


@inproceedings{Nanevski+Govereau+Morrisett:2009,
  author       = {Aleksandar Nanevski and
                  Paul Govereau and
                  Greg Morrisett},
  title        = {Towards type-theoretic semantics for transactional concurrency},
  year         = {2009},
  pages        = {79--90},
  ee           = {http://doi.acm.org/10.1145/1481861.1481872},
  crossref     = {DBLP:conf/tldi/2009},
  bibsource    = {DBLP, http://dblp.uni-trier.de}
}


@inproceedings{Nanevski+Banerjee+Garg:2011,
  author       = {Aleksandar Nanevski and
                  Anindya Banerjee and
                  Deepak Garg},
  title        = {Verification of Information Flow and Access Control Policies
                  with Dependent Types},
  year         = {2011},
  pages        = {165--179},
  ee           = {http://doi.ieeecomputersociety.org/10.1109/SP.2011.12},
  crossref     = {DBLP:conf/sp/2011},
  bibsource    = {DBLP, http://dblp.uni-trier.de}
}


@inproceedings{Neubauer+Thiermann:2003,
  author       = {Matthias Neubauer and
                  Peter Thiemann},
  title        = {Discriminative sum types locate the source of type errors},
  pages        = {15--26},
  ee           = {http://doi.acm.org/10.1145/944705.944708},
  crossref     = {DBLP:conf/icfp/2003},
  bibsource    = {DBLP, http://dblp.uni-trier.de}
}


@inproceedings{Nipkow:2012,
  author       = {Tobias Nipkow},
  title        = {Teaching Semantics with a Proof Assistant: No More LSD Trip
                  Proofs},
  year         = {2012},
  pages        = {24--38},
  ee           = {http://dx.doi.org/10.1007/978-3-642-27940-9_3},
  crossref     = {DBLP:conf/vmcai/2012},
  bibsource    = {DBLP, http://dblp.uni-trier.de}
}


@article{Odersky+Sulzmann+Wehr:1999,
  author       = {Martin Odersky and
                  Martin Sulzmann and
                  Martin Wehr},
  title        = {Type inference with constrained types},
  journal      = {Theor. Pract. Object Syst.},
  volume       = {5},
  number       = {1},
  year         = {1999},
  issn         = {1074-3227},
  pages        = {35--55},
  doi          = {http://dx.doi.org/10.1002/(SICI)1096-9942(199901/03)5:1<35::AID-TAPO4>3.0.CO;2-4},
  publisher    = {John Wiley \& Sons, Inc.},
  address      = {New York, NY, USA},
}


@inproceedings{Owre+al:1996,
  author       = {Sam Owre and
                  S. Rajan and
                  John M. Rushby and
                  Natarajan Shankar and
                  Mandayam K. Srivas},
  title        = {PVS: Combining Specification, Proof Checking, and Model
                  Checking},
  year         = {1996},
  pages        = {411--414},
  ee           = {http://dx.doi.org/10.1007/3-540-61474-5_91},
  crossref     = {DBLP:conf/cav/1996},
  bibsource    = {DBLP, http://dblp.uni-trier.de}
}


@inproceedings{Page+Eastlund+Felleisen:2008,
 author        = {Rex Page
                  and Carl Eastlund
                  and Matthias Felleisen},
 title         = {Functional programming and theorem proving for undergraduates: a progress report},
 booktitle     = {Proceedings of the 2008 international workshop on Functional and declarative programming in education},
 series        = {FDPE '08},
 year          = {2008},
 isbn          = {978-1-60558-068-5},
 location      = {Victoria, BC, Canada},
 pages         = {21--30},
 numpages      = {10},
 url           = {http://doi.acm.org/10.1145/1411260.1411264},
 doi           = {10.1145/1411260.1411264},
 acmid         = {1411264},
 publisher     = {ACM},
 address       = {New York, NY, USA},
 keywords      = {dracula, drscheme, formal methods, mechanical logic, predicate-based testing, test-driven development},
} 


@article{Palsberg:1995,
  author       = {Jens Palsberg},
  title        = {Efficient inference of object types},
  journal      = {Inf. Comput.},
  volume       = {123},
  number       = {2},
  year         = {1995},
  issn         = {0890-5401},
  pages        = {198--209},
  doi          = {http://dx.doi.org/10.1006/inco.1995.1168},
  publisher    = {Academic Press, Inc.},
  address      = {Duluth, MN, USA},
}


@book{bo:Paulson87a,
  author       = {Paulson, Lawrence C.},
  title        = {Logic and computation: interactive proof with {Cambridge LCF}},
  year         = {1987},
  isbn         = {0-521-34632-0},
  publisher    = {Cambridge University Press},
  address      = {New York, NY, USA},
}


@article{inc:Paulson90a,
  author       = {Lawrence~C. Paulson},
  title        = {Isabelle: The next 700 theorem provers},
  journal      = {In Piergiorgio Odifreddi, editor, Logic and Computer Science},
  pages        = {361--386},
  publisher    = {Academic Press},
  year         = {1990}
}


@book{Paulson:1994,
  author       = {Lawrence C. Paulson},
  title        = {Isabelle - A Generic Theorem Prover (with a contribution by T. Nipkow)},
  publisher    = {Springer},
  series       = {Lecture Notes in Computer Science},
  volume       = {828},
  year         = {1994},
  isbn         = {3-540-58244-4},
  ee           = {http://dx.doi.org/10.1007/BFb0030541},
  bibsource    = {DBLP, http://dblp.uni-trier.de}
}


@inproceedings{Pierce:2009,
  author       = {Benjamin C. Pierce},
  title        = {Lambda, the ultimate TA: using a proof assistant to teach
                  programming language foundations},
  year         = {2009},
  pages        = {121--122},
  ee           = {http://doi.acm.org/10.1145/1596550.1596552},
  crossref     = {DBLP:conf/icfp/2009},
  bibsource    = {DBLP, http://dblp.uni-trier.de}
}


@inproceedings{Pike:2007,
  author    = {Lee Pike},
  title     = {Modeling Time-Triggered Protocols and Verifying Their Real-Time
               Schedules},
  year      = {2007},
  pages     = {231-238},
  ee        = {http://doi.ieeecomputersociety.org/10.1109/FMCAD.2007.32},
  crossref  = {DBLP:conf/fmcad/2007},
  bibsource = {DBLP, http://dblp.uni-trier.de}
}


@inproceedings{Pottier:1996,
  author       = {Fran\c{c}ois Pottier},
  title        = {Simplifying subtyping constraints},
  booktitle    = {ICFP '96: Proceedings of the first ACM SIGPLAN international conference on Functional programming},
  year         = {1996},
  isbn         = {0-89791-770-7},
  pages        = {122--133},
  location     = {Philadelphia, Pennsylvania, United States},
  doi          = {http://doi.acm.org/10.1145/232627.232642},
  publisher    = {ACM},
  address      = {New York, NY, USA},
}


@article{Pottier:1999,
  author       = {Fran\c{c}ois Pottier},
  title        = {A framework for type inference with subtyping},
  journal      = {SIGPLAN Not.},
  volume       = {34},
  number       = {1},
  year         = {1999},
  issn         = {0362-1340},
  pages        = {228--238},
  doi          = {http://doi.acm.org/10.1145/291251.289448},
  publisher    = {ACM},
  address      = {New York, NY, USA},
}


@article{Pottier:2000,
  author       = {Fran\c{c}ois Pottier},
  title        = {A Versatile Constraint-Based Type Inference System},
  journal      = {Nordic Journal of Computing},
  url          = {http://gallium.inria.fr/~fpottier/publis/fpottier-njc-2000.ps.gz},
  month        = {November},
  year         = {2000},
  volume       = {7},
  number       = {4},
  pages        = {312--347}
}


@unpublished{Pottier:2005,
  author       = {Fran\c{c}ois Pottier},
  title        = {A modern eye on {ML} type inference: old techniques and recent developments},
  note         = {Lecture notes for the {APPSEM} Summer School},
  month        = {September},
  year         = {2005},
  url          = {http://cristal.inria.fr/~fpottier/publis/fpottier-appsem-2005.ps.gz},
  pdf          = {http://cristal.inria.fr/~fpottier/publis/fpottier-appsem-2005.pdf}
}


@incollection{Pottier+Remy:2005,
  author       = {Fran\c{c}ois Pottier and
                  Didier R{\'{e}}my},
  title        = {The Essence of {ML} Type Inference},
  booktitle    = {Advanced Topics in Types and Programming Languages},
  pages        = {389--489},
  publisher    = {MIT Press},
  year         = {2005},
  editor       = {Benjamin C. Pierce},
  chapter      = {10},
  url          = {http://cristal.inria.fr/attapl/},
  category     = {A}
}


@incollection{Pottinger:1980,
  author       = {Garrel Pottinger},
  booktitle    = Sel+Hin:HBC-1980,
  publisher    = {J.R. Hindley and J.P. Seldin},
  title        = {A type assignment for the strongly normalizable $\lambda$-terms},
  pages        = {561--577},
  year         = {1980}
}


@phdthesis{Rahli:2011,
   author      = {Vincent Rahli},
   school      = {Heriot-Watt University},
   title       = {Investigations in intersection types:
                  Confluence, and semantics of expansion in the
                  $\lambda$-calculus, and a type error slicing method},
   year        = {2011},
   month       = {January},
}


@inproceedings{Remy:1989,
  author       = {Didier R\'{e}my},
  title        = {Type checking records and variants in a natural extension of {ML}},
  booktitle    = {POPL '89: Proceedings of the 16th ACM SIGPLAN-SIGACT symposium on Principles of programming languages},
  year         = {1989},
  isbn         = {0-89791-294-2},
  pages        = {77--88},
  location     = {Austin, Texas, United States},
  doi          = {http://doi.acm.org/10.1145/75277.75284},
  publisher    = {ACM},
  address      = {New York, NY, USA},
}


@techreport{Remy:1992,
  author       = {Didier R{\'{e}}my},
  title        = {{E}xtension of {ML} type system with a sorted equation theory on types},
  institution  = {INRIA},
  number       = {{RR}-1766},
  note         = {{P}rojet {FORMEL}},
  year         = {1992},
  URL          = {http://hal.inria.fr/inria-00077006/en/},
}


@inproceedings{Reppy:1991,
  author       = {John H. Reppy},
  title        = {{CML}: A higher concurrent language},
  booktitle    = {Proceedings of the ACM SIGPLAN 1991 conference on Programming language design and implementation},
  series       = {PLDI '91},
  year         = {1991},
  isbn         = {0-89791-428-7},
  location     = {Toronto, Ontario, Canada},
  pages        = {293--305},
  numpages     = {13},
  url          = {http://doi.acm.org/10.1145/113445.113470},
  doi          = {http://doi.acm.org/10.1145/113445.113470},
  acmid        = {113470},
  publisher    = {ACM},
  address      = {New York, NY, USA},
} 


@article{Rose:1953,
  author       = {Gene F. Rose},
  title        = {Propositional Calculus and Realizability},
  year         = {1953},
  journal      = {Transactions of the American Mathematical Society},
  volume       = {75},
  number       = {1},
  pages        = {1--19},
}


@misc{Rossberg:2007a,
  author       = {Andreas Rossberg},
  title        = {Defects in the Revised Definition of {S}tandard {ML}},
  year         = {2007},
  note         = {\url{http://www.ps.uni-sb.de/hamlet/defects.ps}}
}


@misc{Rossberg:2007b,
  author       = {Andreas Rossberg},
  title        = {{H}a{ML}et},
  year         = {2007},
  note         = {\url{http://www.ps.uni-sb.de/hamlet/}}
}


@article{Rushby:1999,
  author       = {John M. Rushby},
  title        = {Systematic Formal Verification for Fault-Tolerant Time-Triggered
                  Algorithms},
  journal      = {IEEE Trans. Software Eng.},
  volume       = {25},
  number       = {5},
  year         = {1999},
  pages        = {651--660},
  ee           = {http://doi.ieeecomputersociety.org/10.1109/32.815324},
  bibsource    = {DBLP, http://dblp.uni-trier.de}
}


@article{Russell:1908,
  author       = {Bertrand Russell},
  title        = {Mathematical Logic as Based on the Theory of Types.},
  journal      = {American Journal of Mathematics},
  year         = {1908},
  volume       = {30},
  number       = {3},
  pages        = {222--262}
}


@book{Russell:1910,
  author       = {Alfred N. Whitehead and
                  Bertrand Russell},
  title        = {Principia mathematica},
  publisher    = {Cambridge University Press},
  year         = {1910}
}


@inproceedings{Shankar:1992,
  author       = {Natarajan Shankar},
  title        = {Mechanical Verification of a Generalized Protocol for Byzantine
                  Fault Tolerant Clock Synchronization},
  year         = {1992},
  pages        = {217--236},
  ee           = {http://dx.doi.org/10.1007/3-540-55092-5_12},
  crossref     = {DBLP:conf/ftrtft/1992},
  bibsource    = {DBLP, http://dblp.uni-trier.de}
}


@inproceedings{Sheard+Stump+Weirich:2010,
  author       = {Tim Sheard and
                  Aaron Stump and
                  Stephanie Weirich},
  title        = {Language-based verification will change the world},
  year         = {2010},
  pages        = {343--348},
  ee           = {http://doi.acm.org/10.1145/1882362.1882432},
  crossref     = {DBLP:conf/sigsoft/2010foser},
  bibsource    = {DBLP, http://dblp.uni-trier.de}
}


@inproceedings{Sprenger+Basin:2007,
  author       = {Christoph Sprenger and
                  David A. Basin},
  title        = {A Monad-Based Modeling and Verification Toolbox with Application
                  to Security Protocols},
  booktitle    = {TPHOLs},
  year         = {2007},
  pages        = {302--318},
  ee           = {http://dx.doi.org/10.1007/978-3-540-74591-4_23},
  crossref     = {DBLP:conf/tphol/2007},
  bibsource    = {DBLP, http://dblp.uni-trier.de}
}


@article{Strachey:2000,
  author       = {Christopher Strachey},
  title        = {Fundamental Concepts in Programming Languages},
  journal      = {Higher Order Symbol. Comput.},
  volume       = {13},
  number       = {1-2},
  year         = {2000},
  issn         = {1388-3690},
  pages        = {11--49},
  doi          = {http://dx.doi.org/10.1023/A:1010000313106},
  publisher    = {Kluwer Academic Publishers},
  address      = {Hingham, MA, USA},
}


@phdthesis{Sulzmann:2000,
  author       = {Martin Franz Sulzmann},
  note         = {Director - Paul Hudak},
  title        = {A general framework for {H}indley/{M}ilner type systems with constraints},
  year         = {2000},
  isbn         = {0-599-79189-6},
  order_no     = {AAI9973781},
  publisher    = {Yale University},
  address      = {New Haven, CT, USA},
  school       = {Yale University},
}


misc{TypeErrorSlicingProject:2010,
  author       = {David Dunsmore and
                  Fairouz Kamareddine and
                  John Pirie and
                  Vincent Rahli and
                  Steven Shiells and
                  J. B. Wells},
  title        = {Type error slicing, project webpage},
  year         = {2010},
  note         = {\url{http://www.macs.hw.ac.uk/ultra/compositional-analysis/ type-error-slicing/slicing.cgi}}
}
@misc{TypeErrorSlicingProject:2010,
  author       = {\textsf{TES} team},
  title        = {Type error slicing, project webpage},
  year         = {2010},
  note         = {\url{http://www.macs.hw.ac.uk/ultra/compositional-analysis/ type-error-slicing/slicing.cgi}}
}


@inproceedings{Stuckey+Sulzmann+Wazny:2003,
  author       = {Peter J. Stuckey and
                  Martin Sulzmann and
                  Jeremy Wazny},
  title        = {Interactive type debugging in {H}askell},
  booktitle    = {Haskell '03: Proceedings of the 2003 ACM SIGPLAN workshop on Haskell},
  year         = {2003},
  isbn         = {1-58113-758-3},
  pages        = {72--83},
  location     = {Uppsala, Sweden},
  doi          = {http://doi.acm.org/10.1145/871895.871903},
  publisher    = {ACM},
  address      = {New York, NY, USA},
}


@inproceedings{Stuckey+Sulzmann+Wazny:2004,
  author       = {Peter J. Stuckey and
                  Martin Sulzmann and
                  Jeremy Wazny},
  title        = {Improving type error diagnosis},
  booktitle    = {Haskell '04: Proceedings of the 2004 ACM SIGPLAN workshop on Haskell},
  year         = {2004},
  isbn         = {1-58113-850-4},
  pages        = {80--91},
  location     = {Snowbird, Utah, USA},
  doi          = {http://doi.acm.org/10.1145/1017472.1017486},
  publisher    = {ACM},
  address      = {New York, NY, USA},
}


@inproceedings{Stuckey+Sulzmann+Wazny:2006,
  author       = {Peter J. Stuckey and
                  Martin Sulzmann and
                  Jeremy Wazny},
  title        = {Type processing by constraint reasoning},
  pages        = {1--25},
  ee           = {http://dx.doi.org/10.1007/11924661_1},
  crossref     = {DBLP:conf/aplas/2006},
  bibsource    = {DBLP, http://dblp.uni-trier.de}
}


@techreport{Sulzmann+Muller+Zenger:1999,
  author       = {Martin Sulzmann and
                  Martin M\"{u}ller and
                  Christoph Zenger},
  title        = {{H}indley/{M}ilner style type systems in constraint form},
  year         = {1999}
}


@book{Syme+Granicz+Cisternino:2007,
  author       = {Don Syme and
                  Adam Granicz and
                  Antonio Cisternino},
  title        = {Expert F\# (Expert's Voice in .Net)},
  year         = {2007},
  publisher    = {Apress},
  isbn         = {1590598504, 9781590598504},
} 


@inproceedings{Swamy+al:2011,
  author    = {Nikhil Swamy and
               Juan Chen and
               C{\'e}dric Fournet and
               Pierre-Yves Strub and
               Karthikeyan Bhargavan and
               Jean Yang},
  title     = {Secure distributed programming with value-dependent types},
  year      = {2011},
  pages     = {266--278},
  ee        = {http://doi.acm.org/10.1145/2034773.2034811},
  crossref  = {DBLP:conf/icfp/2011},
  bibsource = {DBLP, http://dblp.uni-trier.de}
}


@article{Tait:1967,
  author       = {W. W. Tait},
  title        = {Intensional Interpretations of Functionals of Finite Type {I}.},
  journal      = {The Journal of Symbolic Logic},
  volume       = {32},
  number       = {2},
  year         = {1967},
  pages        = {198--212},
  bibsource    = {DBLP, http://dblp.uni-trier.de}
}


@article{Takahashi:1989,
  author       = {Masako Takahashi},
  title        = {Parallel Reductions in lambda-Calculus.},
  journal      = {Journal of Symbolic Computation},
  volume       = {7},
  number       = {2},
  year         = {1989},
  pages        = {113--123},
  bibsource    = {DBLP, http://dblp.uni-trier.de}
}


@phdthesis{Tauber:2004,
  author       = {Joshua A. Tauber},
  title        = {Verifiable Compilation of {I/O} Automata without Global Synchronization},
  school       = {Departement of Electrical Engineering and Computer Science, Massachusetts Institute of Technology, Cambridge, MA},
  year         = {2004}
}


@book{Terese:2003,
  author       = {Marc Bezem and
                  Jan Willem Klop and
                  Roel de Vrijer and
                  Erik Barendsen and
                  Inge Bethke and
                  Jan Heering and
                  Richard Kennaway and
                  Paul Klint and
                  Vincent van Oostrom and
                  Femke van Raamsdonk and
                  Fer-Jan de Vries and
                  Hans Zantema},
  title        = {Term Rewriting Systems.},
  publisher    = {Cambridge University Press},
  series       = {Cambridge Tracts in Theoretical Computer Science},
  volume       = {55},
  month        = {March},
  year         = {2003}
}


@inproceedings{Terui:2004,
  author       = {Kazushige Terui},
  title        = {Proof Nets and Boolean Circuits},
  booktitle    = {LICS},
  year         = {2004},
  pages        = {182--191},
  ee           = {http://csdl.computer.org/comp/proceedings/lics/2004/2192/00/21920182abs.htm},
  crossref     = {DBLP:conf/lics/2004},
  bibsource    = {DBLP, http://dblp.uni-trier.de}
}


@article{Tip+Dinesh:2001,
  author       = {Frank Tip and
                  T. B. Dinesh},
  title        = {A slicing-based approach for locating type errors},
  journal      = {ACM Trans. Softw. Eng. Methodol.},
  volume       = {10},
  number       = {1},
  year         = {2001},
  pages        = {5-55},
  ee           = {http://doi.acm.org/10.1145/366378.366379},
  bibsource    = {DBLP, http://dblp.uni-trier.de}
}


@article{Tofte:1990,
  author       = {Mads Tofte},
  title        = {Type inference for polymorphic references},
  journal      = {Inf. Comput.},
  volume       = {89},
  number       = {1},
  year         = {1990},
  issn         = {0890-5401},
  pages        = {1--34},
  doi          = {http://dx.doi.org/10.1016/0890-5401(90)90018-D},
  publisher    = {Academic Press, Inc.},
  address      = {Duluth, MN, USA},
}


@inproceedings{Tofte+Taplin:1994,
  author       = {Mads Tofte and
                  Jean-Pierre Talpin},
  title        = {Implementation of the typed call-by-value $\lambda$-calculus using a stack of regions},
  booktitle    = {POPL '94: Proceedings of the 21st ACM SIGPLAN-SIGACT symposium on Principles of programming languages},
  year         = {1994},
  isbn         = {0-89791-636-0},
  pages        = {188--201},
  location     = {Portland, Oregon, United States},
  doi          = {http://doi.acm.org/10.1145/174675.177855},
  publisher    = {ACM},
  address      = {New York, NY, USA},
}


@book{Sorensen+Urzyczyn:2006,
  author       = {Morten Heine S{\o}rensen and
                  Pawel Urzyczyn},
  title        = {Lectures on the {C}urry-{H}oward isomorphism},
  publisher    = {Elsevier Science},
  series       = {Studies in Logic and the Foundations of Mathematics},
  volume       = {149},
  year         = {2006}
}


@article{VanOosten:2002,
  author       = {Jaap Van Oosten},
  title        = {Realizability: a historical essay},
  journal      = {Mathematical. Structures in Comp. Sci.},
  volume       = {12},
  number       = {3},
  year         = {2002},
  issn         = {0960-1295},
  pages        = {239--263},
  doi          = {http://dx.doi.org/10.1017/S0960129502003626},
  publisher    = {Cambridge University Press},
  address      = {New York, NY, USA},
}


@unpublished{VanRenesse:2011,
  author       = {Robbert Van Renesse},
  title        = {Paxos made moderately complex},
  year         = {2011},
  note         = {\url{www.cs.cornell.edu/courses/CS7412/2011sp/paxos.pdf}}
}


@article{Wagner+Autexier+Benzmuller:2007,
  author       = {Marc Wagner and
                  Serge Autexier and
                  Christoph Benzm{\"u}ller},
  title        = {PlatOmega: A Mediator between Text-Editors and Proof Assistance
                  Systems},
  journal      = {Electr. Notes Theor. Comput. Sci.},
  volume       = {174},
  number       = {2},
  year         = {2007},
  pages        = {87--107},
  ee           = {http://dx.doi.org/10.1016/j.entcs.2006.09.024},
  bibsource    = {DBLP, http://dblp.uni-trier.de}
}


inproceedings{Wand:1986,
  author       = {Mitchell Wand},
  title        = {Finding the source of type errors},
  booktitle    = {POPL'86: Proceedings of the 13th ACM SIGACT-SIGPLAN Symposium
                  on Principles of Programming Languages},
  year         = {1986},
  pages        = {38--43},
  location     = {St. Petersburg Beach, Florida},
  doi          = {http://doi.acm.org/10.1145/512644.512648},
  publisher    = {ACM},
  address      = {New York, NY, USA}
}
@inproceedings{Wand:1986,
  author       = {Mitchell Wand},
  title        = {Finding the source of type errors},
  booktitle    = {13th ACM SIGACT-SIGPLAN Symp., POPL'86},
  year         = {1986},
  pages        = {38--43},
  location     = {St. Petersburg Beach, Florida},
  doi          = {http://doi.acm.org/10.1145/512644.512648},
  publisher    = {ACM},
  address      = {New York, NY, USA}
}


@article{Wand:1987,
  author       = {Mitchell Wand},
  title        = {A Simple Algorithm and Proof for Type Inference},
  journal      = {Fundamenta Informaticae},
  volume       = {10},
  year         = {1987},
  pages        = {115--122}
}


@manual{tr:Weis+90a,
  author       = {Pierre Weis and
                  Maria-Virginia Aponte and
                  Alain Laville and
                  Michel Mauny and
                  Acsander Suarez},
  title        = {The {CAML} reference manual},
  institution  = {Institut National de Recherche en Informatique et en Automatique},
  number       = {Rapports Techniques 121},
  month        = {September},
  year         = {1990}
}


@inproceedings{Wells:2002,
  author       = {J. B. Wells},
  title        = {The Essence of Principal Typings},
  crossref     = {DBLP:conf/icalp/2002},
  pages        = {913--925},
}


@inproceedings{Winskel:1988,
  author       = {Glynn Winskel},
  title        = {An introduction to event structures},
  year         = {1988},
  pages        = {364--397},
  ee           = {http://dx.doi.org/10.1007/BFb0013026},
  crossref     = {DBLP:conf/rex/1988},
  bibsource    = {DBLP, http://dblp.uni-trier.de}
}


@inproceedings{Wolfram:1986,
  author       = {David A. Wolfram},
  title        = {Intractable Unifiability Problems and Backtracking},
  year         = {1986},
  pages        = {107-121},
  crossref     = {DBLP:conf/iclp/1986},
  bibsource    = {DBLP, http://dblp.uni-trier.de}
}


@article{Wright:1995,
  author       = {Andrew K. Wright},
  title        = {Simple imperative polymorphism},
  journal      = {Lisp Symb. Comput.},
  volume       = {8},
  number       = {4},
  year         = {1995},
  issn         = {0892-4635},
  pages        = {343--355},
  doi          = {http://dx.doi.org/10.1007/BF01018828},
  publisher    = {Kluwer Academic Publishers},
  address      = {Hingham, MA, USA},
}


@inproceedings{Yang:2000,
  author       = {Jun Yang},
  title        = {Explaining Type Errors by Finding the Source of a Type Conflict},
  booktitle    = {SFP'99: Selected papers from the 1st Scottish Functional Programming Workshop},
  year         = {2000},
  isbn         = {1-84150-024-0},
  pages        = {59--67},
  publisher    = {Intellect Books},
  address      = {Exeter, UK, UK},
}
inproceedings{Yang:2000,
  author       = {Jun Yang},
  title        = {Explaining Type Errors by Finding the Source of a Type Conflict},
  booktitle    = {1st Workshop, SFP'99},
  year         = {2000},
  isbn         = {1-84150-024-0},
  pages        = {59--67},
  publisher    = {Intellect Books},
  address      = {Exeter, UK},
}


@article{Yang+Michaelson+Trinder:2002,
  author       = {Jun Yang and
                  Greg Michaelson and
                  Phil Trinder},
  title        = {Explaining polymorphic types},
  journal      = {The Computer Journal},
  year         = {2002},
  number       = {4},
  volume       = {45},
  pages        = {436--452}

}


@inproceedings{Yang+Wells+Trinder+Michaelson:2000,
  author       = {Jun Yang and
                  Greg Michaelson and
                  Phil Trinder and
                  J. B. Wells},
  title        = {Improved type error reporting},
  crossref     = {DBLP:conf/ifl/2000},
  pages        = {71--86}
}


@phdthesis{Wazny:2006,
  author       = {Jeremy Wazny},
  title        = {Type inference and type error diagnosis for {H}indley/{M}ilner with extensions},
  year         = {2006},
  school       = {University of Melbourne},
  address      = {Australia} 
}


@string{Sel+Hin:HBC-1980 = {To {H}.~{B}.\ {C}urry: Essays on Combinatory Logic,
                            Lambda Calculus, and Formalism}}

@string{LNCS = {Lecture Notes in Computer Science}}
@string{LNCS = {LNCS}}

@string{IFL98 = {Implementation of Functional Languages, 10th International
                 Workshop, IFL'98, London, UK, September 9-11, Selected Papers}}
@string{IFL98 = {10th Int'l Workshop, IFL'98}}

@string{IFL00 = {Implementation of Functional Languages, 12th International
                 Workshop, IFL 2000, Aachen, Germany, September 4-7, 2000,
                 Selected Papers}}
@string{IFL00 = {12th Int'l Workshop, IFL 2000}}

@string{ICALP02 = {Automata, Languages and Programming, 29th International
                   Colloquium, ICALP 2002, Malaga, Spain, July 8-13, 2002,
                   Proceedings}}
@string{ICALP02 = {Automata, Languages and Programming, 29th Int'l
                   Colloq., ICALP 2002}}

@string{ICFP03 = {Proceedings of the Eighth ACM SIGPLAN International Conference
                  on Functional Programming, ICFP 2003, Uppsala, Sweden, August
                  25-29, 2003}}
@string{ICFP03 = {8th ACM SIGPLAN Int'l Conf., ICFP 2003}}

@string{IFL04 = {Implementation and Application of Functional Languages,
                 16th International Workshop, IFL 2004, L{\"u}beck, Germany,
                 September 8-10, 2004, Revised Selected Papers}}
@string{IFL04 = {16th Int'l Workshop, IFL 2004}}

@string{PADL05 = {Practical Aspects of Declarative Languages, 7th International
                  Symposium, PADL 2005, Long Beach, CA, USA, January 10-11,
                  2005, Proceedings}}
@string{PADL05 = {7th Int'l Symp., PADL 2005}}

@string{PADO01 = {Programs as Data Objects, Second Symposium, PADO 2001, Aarhus,
                  Denmark, May 21-23, 2001, Proceedings}}
@string{PADO01 = {2md Symp., PADO 2001}}

@string{IFL06 = {Implementation and Application of Functional Languages,
                 18th International Symposium, IFL 2006, Budapest, Hungary,
                 September 4-6, 2006, Revised Selected Papers}}
@string{IFL06 = {18th Int'l Symp., IFL 2006}}

@string{ML06 = {Proceedings of the ACM Workshop on ML, 2006, Portland, Oregon,
                USA, September 16, 2006}}
@string{ML06 = {ACM Workshop on ML}}

@string{APLAS06 = {Programming Languages and Systems, 4th Asian Symposium,
                   APLAS 2006, Sydney, Australia, November 8-10, 2006, Proceedings}}
@string{APLAS06 = {4th Asian Symp., APLAS 2006}}

@string{FOSSACS07 = {Foundations of Software Science and Computational Structures,
                     10th International Conference, FOSSACS 2007, Held as Part
                     of the Joint European Conferences on Theory and Practice
                     of Software, ETAPS 2007, Braga, Portugal, March 24-April
                     1, 2007, Proceedings}}
@string{FOSSACS07 = {10th Int'l Conf., FOSSACS 2007}}

@string{PLDI07 = {Proceedings of the ACM SIGPLAN 2007 Conference on Programming
                  Language Design and Implementation, San Diego, California,
                  USA, June 10-13, 2007}}
@string{PLDI07 = {ACM SIGPLAN 2007 Conf.\ PLDI}}

@string{ESOP03 = {Programming Languages and Systems, 12th European Symposium
                  on Programming, ESOP 2003, Held as Part of the Joint European
                  Conferences on Theory and Practice of Software, ETAPS 2003,
                  Warsaw, Poland, April 7-11, 2003, Proceedings}}
@string{ESOP03 = {Programming Languages and Systems, 12th European Symp.\
                  on Programming, ESOP 2003}}

@string{POPL82 = {Proceedings of the 9th ACM SIGPLAN-SIGACT
                  Symposium on Principles of Programming Languages}}
@string{POPL82 = {9th ACM SIGPLAN-SIGACT Symp.\ on Principles of
                  Programming Languages}}

@string{STOC90 = {Proceedings of the Twenty Second Annual ACM Symposium on
                  Theory of Computing, 14-16 May 1990, Baltimore, Maryland}}
@string{STOC90 = {Twenty Second Annual ACM Symp.\ on
                  Theory of Computing}}

@string{SP84 = {International Symposium on Programming, 6th Colloquium,
                Toulouse, April 17-19, 1984, Proceedings}}
@string{SP84 = {Int'l Symp.\ on Programming, 6th Colloq.}}

@string{LCCST75 = {Lambda-Calculus and Computer Science Theory, Proceedings
                   of the Symposium Held in Rome, March 25-27, 1975}}
@string{LCCST75 = {Lambda-Calculus and Computer Science Theory, Proceedings
                   of the Symp.\ Held in Rome}}

@string{ESOP04 = {Programming Languages and Systems, 13th European Symposium
                  on Programming, ESOP 2004, Held as Part of the Joint European
                  Conferences on Theory and Practice of Software, ETAPS 2004,
                  Barcelona, Spain, March 29 - April 2, 2004, Proceedings}}
@string{ESOP04 = {Programming Languages and Systems, 13th European Symp.\
                  on Programming}}

@string{ICLP86 = {Third International Conference on Logic Programming, Imperial
                  College of Science and Technology, London, United Kingdom,
                  July 14-18, 1986, Proceedings}}
@string{ICLP86 = {Third Int'l Conf. on Logic Programming}}

@string{REX88 = {Linear Time, Branching Time and Partial Order in Logics
                 and Models for Concurrency, School/Workshop, Noordwijkerhout,
                 The Netherlands, May 30 - June 3, 1988, Proceedings}}
@string{REX88 = {Linear Time, Branching Time and Partial Order in Logics
                 and Models for Concurrency, School/Workshop}}

@string{SP2011 = {32nd IEEE Symposium on Security and Privacy, S{\&}P 2011,
                  22-25 May 2011, Berleley, California, USA}}
@string{SP2011 = {32nd IEEE Symp.\ on Security and Privacy}}

@string{CSF2008 = {Proceedings of the 21st IEEE Computer Security Foundations
                   Symposium, CSF 2008, Pittsburgh, Pennsylvania, 23-25 June
                   2008}}
@string{CSF2008 = {21st IEEE Computer Security Foundations Symp.}}

@string{CSF2009 = {Proceedings of the 22nd IEEE Computer Security Foundations
                   Symposium, CSF 2009, Port Jefferson, New York, USA, July
                   8-10, 2009}}
@string{CSF2009 = {22nd IEEE Computer Security Foundations Symp.}}

@string{POPL2010 = {Proceedings of the 37th ACM SIGPLAN-SIGACT Symposium on
                    Principles of Programming Languages, POPL 2010, Madrid,
                    Spain, January 17-23, 2010}}
@string{POPL2010 = {37th ACM SIGPLAN-SIGACT Symp.\ on Principles of Programming
                    Languages}}

@string{CADE2000 = {Automated Deduction - CADE-17, 17th International Conference
                    on Automated Deduction, Pittsburgh, PA, USA, June 17-20,
                    2000, Proceedings}}
@string{CADE2000 = {Automated Deduction - CADE-17, 17th Int'l Conf.\
                    on Automated Deduction}}

@string{LFCS2007 = {Logical Foundations of Computer Science, International Symposium,
                    LFCS 2007, New York, NY, USA, June 4-7, 2007, Proceedings}}
@string{LFCS2007 = {Logical Foundations of Computer Science, Int'l Symp.}}

@string{CBSE2009 = {Component-Based Software Engineering, 12th International
                    Symposium, CBSE 2009, East Stroudsburg, PA, USA, June 24-26,
                    2009, Proceedings}}
@string{CBSE2009 = {Component-Based Software Engineering, 12th Int'l Symp.}}

@string{VSTTE2008 = {Verified Software: Theories, Tools, Experiments, Second
                     International Conference, VSTTE 2008, Toronto, Canada, October
                     6-9, 2008. Proceedings}}
@string{VSTTE2008 = {Verified Software: Theories, Tools, Experiments, Second
                     Int'l Conf.}}

@string{LPAR2004 = {Logic for Programming, Artificial Intelligence, and Reasoning,
                    11th International Conference, LPAR 2004, Montevideo, Uruguay,
                    March 14-18, 2005, Proceedings}}
@string{LPAR2004 = {Logic for Programming, Artificial Intelligence, and Reasoning,
                    11th Int'l Conf.}}

@string{SOSP2009 = {Proceedings of the 22nd ACM Symposium on Operating Systems
                    Principles 2009, SOSP 2009, Big Sky, Montana, USA, October
                    11-14, 2009}}
@string{SOSP2009 = {22nd ACM Symp.\ on Operating Systems Principles}}

@string{FoSER2010 = {Proceedings of the Workshop on Future of Software Engineering
                     Research, FoSER 2010, at the 18th ACM SIGSOFT International
                     Symposium on Foundations of Software Engineering, 2010,
                     Santa Fe, NM, USA, November 7-11, 2010}}
@string{FoSER2010 = {Workshop on Future of Software Engineering Research}}

@string{ICFP2011 = {Proceeding of the 16th ACM SIGPLAN international conference
                    on Functional Programming, ICFP 2011, Tokyo, Japan, September
                    19-21, 2011}}
@string{ICFP2011 = {16th ACM SIGPLAN Int'l Conf.\ on Functional Programming}}

@string{TLDI2009 = {Proceedings of TLDI'09: 2009 ACM SIGPLAN International Workshop
                    on Types in Languages Design and Implementation, Savannah,
                    GA, USA, January 24, 2009}}
@string{TLDI2009 = {ACM SIGPLAN Int'l Workshop on Types in Languages Design
                    and Implementation}}

@string{CADE1998 = {Automated Deduction - CADE-15, 15th International Conference
                    on Automated Deduction, Lindau, Germany, July 5-10, 1998,
                    Proceedings}}
@string{CADE1998 = {Automated Deduction - CADE-15, 15th Int'l Conf.\ on Automated Deduction}}

@string{LICS1989 = {Proceedings, Fourth Annual Symposium on Logic in Computer
                    Science, 5-8 June, 1989, Asilomar Conference Center, Pacific
                    Grove, California, USA}}
@string{LICS1989 = {Proceedings, Fourth Annual Symp.\ on Logic in Computer Science}}

@string{LPAR2007 = {Logic for Programming, Artificial Intelligence, and Reasoning,
                    14th International Conference, LPAR 2007, Yerevan, Armenia,
                    October 15-19, 2007, Proceedings}}
@string{LPAR2007 = {Logic for Programming, Artificial Intelligence, and Reasoning,
                    14th Int'l Conf., LPAR 2007}}

@string{POPL2006 = {Proceedings of the 33rd ACM SIGPLAN-SIGACT Symposium on
                    Principles of Programming Languages, POPL 2006, Charleston,
                    South Carolina, USA, January 11-13, 2006}}
@string{POPL2006 = {33rd ACM SIGPLAN-SIGACT Symp.\ on
                    Principles of Programming Languages}}

@string{ESOP2011 = {Programming Languages and Systems - 20th European Symposium
                    on Programming, ESOP 2011, Held as Part of the Joint European
                    Conferences on Theory and Practice of Software, ETAPS 2011,
                    Saarbr{\"u}cken, Germany, March 26-April 3, 2011. Proceedings}}
@string{ESOP2011 = {Programming Languages and Systems - 20th European Symp.\
                    on Programming}}

@string{FORTE2009 = {Formal Techniques for Distributed Systems, Joint 11th IFIP
                     WG 6.1 International Conference FMOODS 2009 and 29th IFIP
                     WG 6.1 International Conference FORTE 2009, Lisboa, Portugal,
                     June 9-12, 2009. Proceedings}}
@string{FORTE2009 = {Formal Techniques for Distributed Systems}}

@string{CONCUR2006 = {CONCUR 2006 - Concurrency Theory, 17th International Conference,
                      CONCUR 2006, Bonn, Germany, August 27-30, 2006, Proceedings}}
@string{CONCUR2006 = {CONCUR 2006 - Concurrency Theory, 17th Int'l Conf.}}

@string{WSS99 = {1999 ICDCS Workshop on Self-stabilizing Systems, Austin,
                 Texas, June 5, 1999, Proceedings}}
@string{WSS99 = {1999 ICDCS Workshop on Self-stabilizing Systems}}

@string{FTRTFT92 = {Formal Techniques in Real-Time and Fault-Tolerant Systems,
                    Second International Symposium, Nijmegen, The Netherlands,
                    January 8-10, 1992, Proceedings}}
@string{FTRTFT92 = {Formal Techniques in Real-Time and Fault-Tolerant Systems,
                    Second Int'l Symp.}}

@string{FMCAD2010 = {Proceedings of 10th International Conference on Formal Methods
                     in Computer-Aided Design, FMCAD 2010, Lugano, Switzerland,
                     October 20-23}}
@string{FMCAD2010 = {Proceedings of 10th Int'l Conf.\ on Formal Methods
                     in Computer-Aided Design}}

@string{FMCAD2007 = {Formal Methods in Computer-Aided Design, 7th International
                     Conference, FMCAD 2007, Austin, Texas, USA, November 11-14,
                     2007, Proceedings}}
@string{FMCAD2007 = {Formal Methods in Computer-Aided Design, 7th Int'l Conf.}}

@string{AFP2004 = {Advanced Functional Programming, 5th International School,
                   AFP 2004, Tartu, Estonia, August 14-21, 2004, Revised Lectures}}
@string{AFP2004 = {Advanced Functional Programming, 5th Int'l School}}

@string{TPHOLs2009 = {Theorem Proving in Higher Order Logics, 22nd International
                      Conference, TPHOLs 2009, Munich, Germany, August 17-20,
                      2009. Proceedings}}
@string{TPHOLs2009 = {Theorem Proving in Higher Order Logics, 22nd Int'l Conf.}}

@string{TPHOLs2007 = {Theorem Proving in Higher Order Logics, 20th International
                      Conference, TPHOLs 2007, Kaiserslautern, Germany, September
                      10-13, 2007, Proceedings}}
@string{TPHOLs2007 = {Theorem Proving in Higher Order Logics, 20th Int'l Conf.}}

@string{TYPES2000 = {Types for Proofs and Programs, International Workshop, TYPES
                     2000, Durham, UK, December 8-12, 2000, Selected Papers}}
@string{TYPES2000 = {Types for Proofs and Programs, Int'l Workshop, TYPES 2000}}

@string{CAV1996 = {Computer Aided Verification, 8th International Conference,
                   CAV '96, New Brunswick, NJ, USA, July 31 - August 3, 1996,
                   Proceedings}}
@string{CAV1996 = {Computer Aided Verification, 8th Int'l Conf.}}

@string{VMCAI2012 = {Verification, Model Checking, and Abstract Interpretation
                     - 13th International Conference, VMCAI 2012, Philadelphia,
                     PA, USA, January 22-24, 2012. Proceedings}}
@string{VMCAI2012 = {Verification, Model Checking, and Abstract Interpretation
                     - 13th Int'l Conf.}}

@string{ICFP2009 = {Proceeding of the 14th ACM SIGPLAN international conference
                    on Functional programming, ICFP 2009, Edinburgh, Scotland,
                    UK, August 31 - September 2, 2009}}
@string{ICFP2009 = {Proceeding of the 14th ACM SIGPLAN Int'l Conf.\ on Functional
                    Programming}}

@string{TYPES2002 = {Types for Proofs and Programs, Second International Workshop,
                     TYPES 2002, Berg en Dal, The Netherlands, April 24-28, 2002,
                     Selected Papers}}
@string{TYPES2002 = {Types for Proofs and Programs, Second Int'l Workshop,
                     TYPES 2002}}

proceedings{DBLP:conf/lambda/1975,
  editor    = {Corrado B{\"o}hm},
  title     = {Lambda-Calculus and Computer Science Theory, Proceedings
               of the Symposium Held in Rome, March 25-27, 1975},
  booktitle = {Lambda-Calculus and Computer Science Theory},
  publisher = {Springer},
  series    = {Lecture Notes in Computer Science},
  volume    = {37},
  year      = {1975},
  isbn      = {3-540-07416-3},
  bibsource = {DBLP, http://dblp.uni-trier.de}
}
@proceedings{DBLP:conf/lambda/1975,
  title     = LCCST75,
  booktitle = LCCST75,
  publisher = {Springer},
  series    = LNCS,
  volume    = {37},
  year      = {1975},
  isbn      = {3-540-07416-3},
  bibsource = {DBLP, http://dblp.uni-trier.de}
}


proceedings{DBLP:conf/programm/1984,
  editor    = {Manfred Paul and
               Bernard Robinet},
  title     = {International Symposium on Programming, 6th Colloquium,
               Toulouse, April 17-19, 1984, Proceedings},
  booktitle = {Symposium on Programming},
  publisher = {Springer},
  series    = {Lecture Notes in Computer Science},
  volume    = {167},
  year      = {1984},
  isbn      = {3-540-12925-1},
  bibsource = {DBLP, http://dblp.uni-trier.de}
}
@proceedings{DBLP:conf/programm/1984,
  title     = SP84,
  booktitle = SP84,
  publisher = {Springer},
  series    = LNCS,
  volume    = {167},
  year      = {1984},
  isbn      = {3-540-12925-1},
  bibsource = {DBLP, http://dblp.uni-trier.de}
}


proceedings{DBLP:conf/iclp/1986,
  editor    = {Ehud Y. Shapiro},
  title     = {Third International Conference on Logic Programming, Imperial
               College of Science and Technology, London, United Kingdom,
               July 14-18, 1986, Proceedings},
  booktitle = {ICLP},
  publisher = {Springer},
  series    = {Lecture Notes in Computer Science},
  volume    = {225},
  year      = {1986},
  isbn      = {3-540-16492-8},
  bibsource = {DBLP, http://dblp.uni-trier.de}
}
@proceedings{DBLP:conf/iclp/1986,
  title     = ICLP86,
  booktitle = ICLP86,
  publisher = {Springer},
  series    = LNCS,
  volume    = {225},
  year      = {1986},
  isbn      = {3-540-16492-8},
  bibsource = {DBLP, http://dblp.uni-trier.de}
}


proceedings{DBLP:conf/rex/1988,
  editor    = {J. W. de Bakker and
               Willem P. de Roever and
               Grzegorz Rozenberg},
  title     = REX88,
  booktitle = REX88,
  publisher = {Springer},
  series    = {Lecture Notes in Computer Science},
  volume    = {354},
  year      = {1989},
  isbn      = {3-540-51080-X},
  bibsource = {DBLP, http://dblp.uni-trier.de}
}
@proceedings{DBLP:conf/rex/1988,
  title     = REX88,
  booktitle = REX88,
  publisher = {Springer},
  series    = LNCS,
  volume    = {354},
  year      = {1989},
  isbn      = {3-540-51080-X},
  bibsource = {DBLP, http://dblp.uni-trier.de}
}


proceedings{DBLP:conf/ftrtft/1992,
  editor    = {Jan Vytopil},
  title     = {Formal Techniques in Real-Time and Fault-Tolerant Systems,
               Second International Symposium, Nijmegen, The Netherlands,
               January 8-10, 1992, Proceedings},
  booktitle = {FTRTFT},
  publisher = {Springer},
  series    = {Lecture Notes in Computer Science},
  volume    = {571},
  year      = {1991},
  isbn      = {3-540-55092-5},
  bibsource = {DBLP, http://dblp.uni-trier.de}
}
@proceedings{DBLP:conf/ftrtft/1992,
  title     = FTRTFT92,
  booktitle = FTRTFT92,
  publisher = {Springer},
  series    = LNCS,
  volume    = {571},
  year      = {1991},
  isbn      = {3-540-55092-5},
  bibsource = {DBLP, http://dblp.uni-trier.de}
}


proceedings{DBLP:conf/lics/LICS4,
  title     = {Proceedings, Fourth Annual Symposium on Logic in Computer
               Science, 5-8 June, 1989, Asilomar Conference Center, Pacific
               Grove, California, USA},
  booktitle = {LICS},
  publisher = {IEEE Computer Society},
  year      = {1989},
  bibsource = {DBLP, http://dblp.uni-trier.de}
}
@proceedings{DBLP:conf/lics/LICS4,
  title     = LICS1989,
  booktitle = LICS1989,
  publisher = {IEEE Computer Society},
  year      = {1989},
  bibsource = {DBLP, http://dblp.uni-trier.de}
}


proceedings{DBLP:conf/cav/1996,
  editor    = {Rajeev Alur and
               Thomas A. Henzinger},
  title     = {Computer Aided Verification, 8th International Conference,
               CAV '96, New Brunswick, NJ, USA, July 31 - August 3, 1996,
               Proceedings},
  booktitle = {CAV},
  publisher = {Springer},
  series    = {Lecture Notes in Computer Science},
  volume    = {1102},
  year      = {1996},
  isbn      = {3-540-61474-5},
  bibsource = {DBLP, http://dblp.uni-trier.de}
}
@proceedings{DBLP:conf/cav/1996,
  title     = CAV1996,
  booktitle = CAV1996,
  publisher = {Springer},
  series    = LNCS,
  volume    = {1102},
  year      = {1996},
  isbn      = {3-540-61474-5},
  bibsource = {DBLP, http://dblp.uni-trier.de}
}


proceedings{DBLP:conf/cade/1998,
  editor    = {Claude Kirchner and
               H{\'e}l{\`e}ne Kirchner},
  title     = {Automated Deduction - CADE-15, 15th International Conference
               on Automated Deduction, Lindau, Germany, July 5-10, 1998,
               Proceedings},
  booktitle = {CADE},
  publisher = {Springer},
  series    = LNCS,
  volume    = {1421},
  year      = {1998},
  isbn      = {3-540-64675-2},
  bibsource = {DBLP, http://dblp.uni-trier.de}
}
@proceedings{DBLP:conf/cade/1998,
  title     = CADE1998,
  booktitle = CADE1998,
  publisher = {Springer},
  series    = {Lecture Notes in Computer Science},
  volume    = {1421},
  year      = {1998},
  isbn      = {3-540-64675-2},
  bibsource = {DBLP, http://dblp.uni-trier.de}
}


proceedings{DBLP:conf/stoc/STOC22,
  title     = {Proceedings of the Twenty Second Annual ACM Symposium on
               Theory of Computing, 14-16 May 1990, Baltimore, Maryland,
               USA},
  booktitle = {STOC},
  publisher = {ACM},
  year      = {1990},
  bibsource = {DBLP, http://dblp.uni-trier.de}
}
@proceedings{DBLP:conf/stoc/STOC22,
  title     = STOC90,
  booktitle = STOC90,
  publisher = {ACM},
  year      = {1990},
  bibsource = {DBLP, http://dblp.uni-trier.de}
}


proceedings{DBLP:conf/ifl/1998,
  editor       = {Kevin Hammond and
                  Antony J. T. Davie and
                  Chris Clack},
  title        = IFL98,
  booktitle    = IFL98,
  publisher    = {Springer},
  series       = LNCS,
  volume       = {1595},
  year         = {1999},
  isbn         = {3-540-66229-4},
  bibsource    = {DBLP, http://dblp.uni-trier.de}
}
@proceedings{DBLP:conf/ifl/1998,
  title        = IFL98,
  booktitle    = IFL98,
  publisher    = {Springer},
  series       = LNCS,
  volume       = {1595},
  year         = {1999},
  isbn         = {3-540-66229-4},
  bibsource    = {DBLP, http://dblp.uni-trier.de}
}


proceedings{DBLP:conf/wss/1999,
  editor    = {Anish Arora},
  title     = {1999 ICDCS Workshop on Self-stabilizing Systems, Austin,
               Texas, June 5, 1999, Proceedings},
  booktitle = {WSS},
  publisher = {IEEE Computer Society},
  year      = {1999},
  isbn      = {0-7695-0228-8},
  bibsource = {DBLP, http://dblp.uni-trier.de}
}
@proceedings{DBLP:conf/wss/1999,
  title     = WSS99,
  booktitle = WSS99,
  publisher = {IEEE Computer Society},
  year      = {1999},
  isbn      = {0-7695-0228-8},
  bibsource = {DBLP, http://dblp.uni-trier.de}
}


proceedings{DBLP:conf/ifl/2000,
  editor       = {Markus Mohnen and
                  Pieter W. M. Koopman},
  title        = IFL00,
  booktitle    = IFL00,
  publisher    = {Springer},
  series       = LNCS,
  volume       = {2011},
  year         = {2001},
  isbn         = {3-540-41919-5},
  bibsource    = {DBLP, http://dblp.uni-trier.de}
}
@proceedings{DBLP:conf/ifl/2000,
  title        = IFL00,
  booktitle    = IFL00,
  publisher    = {Springer},
  series       = LNCS,
  volume       = {2011},
  year         = {2001},
  isbn         = {3-540-41919-5},
  bibsource    = {DBLP, http://dblp.uni-trier.de}
}


proceedings{DBLP:conf/cade/2000,
  editor    = {David A. McAllester},
  title     = {Automated Deduction - CADE-17, 17th International Conference
               on Automated Deduction, Pittsburgh, PA, USA, June 17-20,
               2000, Proceedings},
  booktitle = {CADE},
  publisher = {Springer},
  series    = {Lecture Notes in Computer Science},
  volume    = {1831},
  year      = {2000},
  isbn      = {3-540-67664-3},
  bibsource = {DBLP, http://dblp.uni-trier.de}
}
@proceedings{DBLP:conf/cade/2000,
  editor    = CADE2000,
  booktitle = CADE2000,
  publisher = {Springer},
  series    = LNCS,
  volume    = {1831},
  year      = {2000},
  isbn      = {3-540-67664-3},
  bibsource = {DBLP, http://dblp.uni-trier.de}
}


proceedings{DBLP:conf/types/2000,
  editor    = {Paul Callaghan and
               Zhaohui Luo and
               James McKinna and
               Robert Pollack},
  title     = {Types for Proofs and Programs, International Workshop, TYPES
               2000, Durham, UK, December 8-12, 2000, Selected Papers},
  booktitle = {TYPES},
  publisher = {Springer},
  series    = {Lecture Notes in Computer Science},
  volume    = {2277},
  year      = {2002},
  isbn      = {3-540-43287-6},
  bibsource = {DBLP, http://dblp.uni-trier.de}
}
@proceedings{DBLP:conf/types/2000,
  title     = TYPES2000,
  booktitle = TYPES2000,
  publisher = {Springer},
  series    = LNCS,
  volume    = {2277},
  year      = {2002},
  isbn      = {3-540-43287-6},
  bibsource = {DBLP, http://dblp.uni-trier.de}
}


proceedings{DBLP:conf/pado/2001,
  editor       = {Olivier Danvy and
                  Andrzej Filinski},
  title        = PADO01,
  booktitle    = PADO01,
  publisher    = {Springer},
  series       = LNCS,
  volume       = {2053},
  year         = {2001},
  isbn         = {3-540-42068-1},
  bibsource    = {DBLP, http://dblp.uni-trier.de}
}
@proceedings{DBLP:conf/pado/2001,
  title        = PADO01,
  booktitle    = PADO01,
  publisher    = {Springer},
  series       = LNCS,
  volume       = {2053},
  year         = {2001},
  isbn         = {3-540-42068-1},
  bibsource    = {DBLP, http://dblp.uni-trier.de}
}


proceedings{DBLP:conf/icalp/2002,
  editor       = {Peter Widmayer and
                  Francisco Triguero Ruiz and
                  Rafael Morales Bueno and
                  Matthew Hennessy and
                  Stephan Eidenbenz and
                  Ricardo Conejo},
  title        = ICALP02,
  booktitle    = ICALP02,
  publisher    = {Springer},
  series       = LNCS,
  volume       = {2380},
  year         = {2002},
  isbn         = {3-540-43864-5},
  bibsource    = {DBLP, http://dblp.uni-trier.de}
}
@proceedings{DBLP:conf/icalp/2002,
  title        = ICALP02,
  booktitle    = ICALP02,
  publisher    = {Springer},
  series       = LNCS,
  volume       = {2380},
  year         = {2002},
  isbn         = {3-540-43864-5},
  bibsource    = {DBLP, http://dblp.uni-trier.de}
}


proceedings{DBLP:conf/types/2002,
  editor    = {Herman Geuvers and
               Freek Wiedijk},
  title     = {Types for Proofs and Programs, Second International Workshop,
               TYPES 2002, Berg en Dal, The Netherlands, April 24-28, 2002,
               Selected Papers},
  booktitle = {TYPES},
  publisher = {Springer},
  series    = {Lecture Notes in Computer Science},
  volume    = {2646},
  year      = {2003},
  isbn      = {3-540-14031-X},
  bibsource = {DBLP, http://dblp.uni-trier.de}
}
@proceedings{DBLP:conf/types/2002,
  title     = TYPES2002,
  booktitle = TYPES2002,
  publisher = {Springer},
  series    = LNCS,
  volume    = {2646},
  year      = {2003},
  isbn      = {3-540-14031-X},
  bibsource = {DBLP, http://dblp.uni-trier.de}
}


proceedings{DBLP:conf/esop/2003,
  editor       = {Pierpaolo Degano},
  title        = ESOP03,
  booktitle    = ESOP03,
  publisher    = {Springer},
  series       = LNCS,
  volume       = {2618},
  year         = {2003},
  isbn         = {3-540-00886-1},
  bibsource    = {DBLP, http://dblp.uni-trier.de}
}
@proceedings{DBLP:conf/esop/2003,
  title        = ESOP03,
  booktitle    = ESOP03,
  publisher    = {Springer},
  series       = LNCS,
  volume       = {2618},
  year         = {2003},
  isbn         = {3-540-00886-1},
  bibsource    = {DBLP, http://dblp.uni-trier.de}
}


proceedings{DBLP:conf/icfp/2003,
  editor       = {Colin Runciman and
                  Olin Shivers},
  title        = ICFP03,
  booktitle    = ICFP03,
  publisher    = {ACM},
  year         = {2003},
  isbn         = {1-58113-756-7},
  bibsource    = {DBLP, http://dblp.uni-trier.de}
}
@proceedings{DBLP:conf/icfp/2003,
  title        = ICFP03,
  booktitle    = ICFP03,
  publisher    = {ACM},
  year         = {2003},
  isbn         = {1-58113-756-7},
  bibsource    = {DBLP, http://dblp.uni-trier.de}
}


proceedings{DBLP:conf/ifl/2004,
  editor    = {Clemens Grelck and
               Frank Huch and
               Greg Michaelson and
               Philip W. Trinder},
  title     = IFL04,
  booktitle = IFL04,
  publisher = {Springer},
  series    = LNCS,
  volume    = {3474},
  year      = {2005},
  isbn      = {3-540-26094-3},
  bibsource = {DBLP, http://dblp.uni-trier.de}
}
@proceedings{DBLP:conf/ifl/2004,
  title     = IFL04,
  booktitle = IFL04,
  publisher = {Springer},
  series    = LNCS,
  volume    = {3474},
  year      = {2005},
  isbn      = {3-540-26094-3},
  bibsource = {DBLP, http://dblp.uni-trier.de}
}
%  key       = {IFL04},


proceedings{DBLP:conf/lics/2004,
  title        = {19th IEEE Symposium on Logic in Computer Science (LICS 2004),
                  14-17 July 2004, Turku, Finland, Proceedings},
  booktitle    = {LICS},
  publisher    = {IEEE Computer Society},
  year         = {2004},
  isbn         = {0-7695-2192-4},
  bibsource    = {DBLP, http://dblp.uni-trier.de}
}
@proceedings{DBLP:conf/lics/2004,
  title        = {LICS},
  booktitle    = {LICS},
  publisher    = {IEEE Computer Society},
  year         = {2004},
  isbn         = {0-7695-2192-4},
  bibsource    = {DBLP, http://dblp.uni-trier.de}
}


proceedings{DBLP:conf/padl/2005,
  editor       = {Manuel V. Hermenegildo and
                  Daniel Cabeza},
  title        = PADL05,
  booktitle    = PADL05,
  publisher    = {Springer},
  series       = LNCS,
  volume       = {3350},
  year         = {2005},
  isbn         = {3-540-24362-3},
  bibsource    = {DBLP, http://dblp.uni-trier.de}
}
@proceedings{DBLP:conf/padl/2005,
  title        = PADL05,
  booktitle    = PADL05,
  publisher    = {Springer},
  series       = LNCS,
  volume       = {3350},
  year         = {2005},
  isbn         = {3-540-24362-3},
  bibsource    = {DBLP, http://dblp.uni-trier.de}
}


proceedings{DBLP:conf/esop/2004,
  editor       = {David A. Schmidt},
  title        = {Programming Languages and Systems, 13th European Symposium
                  on Programming, ESOP 2004, Held as Part of the Joint European
                  Conferences on Theory and Practice of Software, ETAPS 2004,
                  Barcelona, Spain, March 29 - April 2, 2004, Proceedings},
  booktitle    = {ESOP},
  publisher    = {Springer},
  series       = {Lecture Notes in Computer Science},
  volume       = {2986},
  year         = {2004},
  isbn         = {3-540-21313-9},
  bibsource    = {DBLP, http://dblp.uni-trier.de}
}
@proceedings{DBLP:conf/esop/2004,
  title        = ESOP04,
  booktitle    = ESOP04,
  publisher    = {Springer},
  series       = LNCS,
  volume       = {2986},
  year         = {2004},
  isbn         = {3-540-21313-9},
  bibsource    = {DBLP, http://dblp.uni-trier.de}
}


proceedings{DBLP:conf/lpar/2004,
  editor    = {Franz Baader and
               Andrei Voronkov},
  title     = {Logic for Programming, Artificial Intelligence, and Reasoning,
               11th International Conference, LPAR 2004, Montevideo, Uruguay,
               March 14-18, 2005, Proceedings},
  booktitle = {LPAR},
  publisher = {Springer},
  series    = {Lecture Notes in Computer Science},
  volume    = {3452},
  year      = {2005},
  isbn      = {3-540-25236-3},
  bibsource = {DBLP, http://dblp.uni-trier.de}
}
@proceedings{DBLP:conf/lpar/2004,
  title     = LPAR2004,
  booktitle = LPAR2004,
  publisher = {Springer},
  series    = LNCS,
  volume    = {3452},
  year      = {2005},
  isbn      = {3-540-25236-3},
  bibsource = {DBLP, http://dblp.uni-trier.de}
}


proceedings{DBLP:conf/afp/2004,
  editor    = {Varmo Vene and
               Tarmo Uustalu},
  title     = {Advanced Functional Programming, 5th International School,
               AFP 2004, Tartu, Estonia, August 14-21, 2004, Revised Lectures},
  booktitle = {Advanced Functional Programming},
  publisher = {Springer},
  series    = {Lecture Notes in Computer Science},
  volume    = {3622},
  year      = {2005},
  isbn      = {3-540-28540-7},
  bibsource = {DBLP, http://dblp.uni-trier.de}
}
@proceedings{DBLP:conf/afp/2004,
  title     = AFP2004,
  booktitle = AFP2004,
  publisher = {Springer},
  series    = LNCS,
  volume    = {3622},
  year      = {2005},
  isbn      = {3-540-28540-7},
  bibsource = {DBLP, http://dblp.uni-trier.de}
}


proceedings{DBLP:conf/ifl/2006,
  editor       = {Zolt{\'a}n Horv{\'a}th and
                  Vikt{\'o}ria Zs{\'o}k and
                  Andrew Butterfield},
  title        = IFL06,
  booktitle    = IFL06,
  publisher    = {Springer},
  series       = LNCS,
  volume       = {4449},
  year         = {2007},
  isbn         = {978-3-540-74129-9},
  bibsource    = {DBLP, http://dblp.uni-trier.de}
}
@proceedings{DBLP:conf/ifl/2006,
  title        = IFL06,
  booktitle    = IFL06,
  publisher    = {Springer},
  series       = LNCS,
  volume       = {4449},
  year         = {2007},
  isbn         = {978-3-540-74129-9},
  bibsource    = {DBLP, http://dblp.uni-trier.de}
}
%  key          = {IFL06},


proceedings{DBLP:conf/ml/2006,
  editor       = {Andrew Kennedy and
                  Fran\c{c}ois Pottier},
  title        = ML06,
  booktitle    = ML06,
  publisher    = {ACM},
  year         = {2006},
  isbn         = {1-59593-483-9},
  bibsource    = {DBLP, http://dblp.uni-trier.de}
}
@proceedings{DBLP:conf/ml/2006,
  title        = ML06,
  booktitle    = ML06,
  publisher    = {ACM},
  year         = {2006},
  isbn         = {1-59593-483-9},
  bibsource    = {DBLP, http://dblp.uni-trier.de}
}


proceedings{DBLP:conf/aplas/2006,
  editor       = {Naoki Kobayashi},
  title        = APLAS06,
  booktitle    = APLAS06,
  publisher    = {Springer},
  series       = LNCS,
  volume       = {4279},
  year         = {2006},
  isbn         = {3-540-48937-1},
  bibsource    = {DBLP, http://dblp.uni-trier.de}
}
@proceedings{DBLP:conf/aplas/2006,
  title        = APLAS06,
  booktitle    = APLAS06,
  publisher    = {Springer},
  series       = LNCS,
  volume       = {4279},
  year         = {2006},
  isbn         = {3-540-48937-1},
  bibsource    = {DBLP, http://dblp.uni-trier.de}
}


proceedings{DBLP:conf/popl/2006,
  editor    = {J. Gregory Morrisett and
               Simon L. Peyton Jones},
  title     = {Proceedings of the 33rd ACM SIGPLAN-SIGACT Symposium on
               Principles of Programming Languages, POPL 2006, Charleston,
               South Carolina, USA, January 11-13, 2006},
  booktitle = {POPL},
  publisher = {ACM},
  year      = {2006},
  isbn      = {1-59593-027-2},
  bibsource = {DBLP, http://dblp.uni-trier.de}
}
@proceedings{DBLP:conf/popl/2006,
  title     = POPL2006,
  booktitle = POPL2006,
  publisher = {ACM},
  year      = {2006},
  isbn      = {1-59593-027-2},
  bibsource = {DBLP, http://dblp.uni-trier.de}
}


proceedings{DBLP:conf/concur/2006,
  editor    = {Christel Baier and
               Holger Hermanns},
  title     = {CONCUR 2006 - Concurrency Theory, 17th International Conference,
               CONCUR 2006, Bonn, Germany, August 27-30, 2006, Proceedings},
  booktitle = {CONCUR},
  publisher = {Springer},
  series    = {Lecture Notes in Computer Science},
  volume    = {4137},
  year      = {2006},
  isbn      = {3-540-37376-4},
  bibsource = {DBLP, http://dblp.uni-trier.de}
}
@proceedings{DBLP:conf/concur/2006,
  title     = CONCUR2006,
  booktitle = CONCUR2006,
  publisher = {Springer},
  series    = LNCS,
  volume    = {4137},
  year      = {2006},
  isbn      = {3-540-37376-4},
  bibsource = {DBLP, http://dblp.uni-trier.de}
}
%  key       = {CONCUR2006},


proceedings{DBLP:conf/fossacs/2007,
  editor       = {Helmut Seidl},
  title        = FOSSACS07,
  booktitle    = FOSSACS07,
  publisher    = {Springer},
  series       = LNCS,
  volume       = {4423},
  year         = {2007},
  isbn         = {978-3-540-71388-3},
  bibsource    = {DBLP, http://dblp.uni-trier.de}
}
@proceedings{DBLP:conf/fossacs/2007,
  title        = FOSSACS07,
  booktitle    = FOSSACS07,
  publisher    = {Springer},
  series       = LNCS,
  volume       = {4423},
  year         = {2007},
  isbn         = {978-3-540-71388-3},
  bibsource    = {DBLP, http://dblp.uni-trier.de}
}


proceedings{DBLP:conf/pldi/2007,
  editor       = {Jeanne Ferrante and
                  Kathryn S. McKinley},
  title        = PLDI07,
  booktitle    = PLDI07,
  publisher    = {ACM},
  year         = {2007},
  isbn         = {978-1-59593-633-2},
  bibsource    = {DBLP, http://dblp.uni-trier.de}
}
@proceedings{DBLP:conf/pldi/2007,
  title        = PLDI07,
  booktitle    = PLDI07,
  publisher    = {ACM},
  year         = {2007},
  isbn         = {978-1-59593-633-2},
  bibsource    = {DBLP, http://dblp.uni-trier.de}
}


proceedings{DBLP:conf/lfcs/2007,
  editor       = {Sergei N. Art{\"e}mov and
                  Anil Nerode},
  title        = {Logical Foundations of Computer Science, International Symposium,
                  LFCS 2007, New York, NY, USA, June 4-7, 2007, Proceedings},
  booktitle    = {LFCS},
  publisher    = {Springer},
  series       = {Lecture Notes in Computer Science},
  volume       = {4514},
  year         = {2007},
  isbn         = {978-3-540-72732-3},
  bibsource    = {DBLP, http://dblp.uni-trier.de}
}
@proceedings{DBLP:conf/lfcs/2007,
  title        = LFCS2007,
  booktitle    = LFCS2007,
  publisher    = {Springer},
  series       = LNCS,
  volume       = {4514},
  year         = {2007},
  isbn         = {978-3-540-72732-3},
  bibsource    = {DBLP, http://dblp.uni-trier.de}
}


proceedings{DBLP:conf/lpar/2007,
  editor    = {Nachum Dershowitz and
               Andrei Voronkov},
  title     = {Logic for Programming, Artificial Intelligence, and Reasoning,
               14th International Conference, LPAR 2007, Yerevan, Armenia,
               October 15-19, 2007, Proceedings},
  booktitle = {LPAR},
  publisher = {Springer},
  series    = {Lecture Notes in Computer Science},
  volume    = {4790},
  year      = {2007},
  isbn      = {978-3-540-75558-6},
  bibsource = {DBLP, http://dblp.uni-trier.de}
}
@proceedings{DBLP:conf/lpar/2007,
  title     = LPAR2007,
  booktitle = LPAR2007,
  publisher = {Springer},
  series    = {Lecture Notes in Computer Science},
  volume    = {4790},
  year      = {2007},
  isbn      = {978-3-540-75558-6},
  bibsource = {DBLP, http://dblp.uni-trier.de}
}


proceedings{DBLP:conf/fmcad/2007,
  title     = {Formal Methods in Computer-Aided Design, 7th International
               Conference, FMCAD 2007, Austin, Texas, USA, November 11-14,
               2007, Proceedings},
  booktitle = {FMCAD},
  publisher = {IEEE Computer Society},
  year      = {2007},
  bibsource = {DBLP, http://dblp.uni-trier.de}
}
@proceedings{DBLP:conf/fmcad/2007,
  title     = FMCAD2007,
  booktitle = FMCAD2007,
  publisher = {IEEE Computer Society},
  year      = {2007},
  bibsource = {DBLP, http://dblp.uni-trier.de}
}


proceedings{DBLP:conf/tphol/2007,
  editor    = {Klaus Schneider and
               Jens Brandt},
  title     = {Theorem Proving in Higher Order Logics, 20th International
               Conference, TPHOLs 2007, Kaiserslautern, Germany, September
               10-13, 2007, Proceedings},
  booktitle = {TPHOLs},
  publisher = {Springer},
  series    = {Lecture Notes in Computer Science},
  volume    = {4732},
  year      = {2007},
  isbn      = {978-3-540-74590-7},
  bibsource = {DBLP, http://dblp.uni-trier.de}
}
@proceedings{DBLP:conf/tphol/2007,
  title     = TPHOLs2007,
  booktitle = TPHOLs2007,
  publisher = {Springer},
  series    = LNCS,
  volume    = {4732},
  year      = {2007},
  isbn      = {978-3-540-74590-7},
  bibsource = {DBLP, http://dblp.uni-trier.de}
}


proceedings{DBLP:conf/ictac/2008,
  editor       = {John S. Fitzgerald and
                  Anne Elisabeth Haxthausen and
                  H{\"u}sn{\"u} Yenig{\"u}n},
  title        = {Theoretical Aspects of Computing - ICTAC 2008, 5th International
                  Colloquium, Istanbul, Turkey, September 1-3, 2008. Proceedings},
  booktitle    = {ICTAC},
  publisher    = {Springer},
  series       = {Lecture Notes in Computer Science},
  volume       = {5160},
  year         = {2008},
  isbn         = {978-3-540-85761-7},
  bibsource    = {DBLP, http://dblp.uni-trier.de}
}
@proceedings{DBLP:conf/ictac/2008,
  title        = {ICTAC},
  booktitle    = {ICTAC},
  publisher    = {Springer},
  series       = LNCS,
  volume       = {5160},
  year         = {2008},
  isbn         = {978-3-540-85761-7},
  bibsource    = {DBLP, http://dblp.uni-trier.de}
}


proceedings{DBLP:conf/vstte/2008,
  editor    = {Natarajan Shankar and
               Jim Woodcock},
  title     = {Verified Software: Theories, Tools, Experiments, Second
               International Conference, VSTTE 2008, Toronto, Canada, October
               6-9, 2008. Proceedings },
  booktitle = {VSTTE},
  publisher = {Springer},
  series    = {Lecture Notes in Computer Science},
  volume    = {5295},
  year      = {2008},
  isbn      = {978-3-540-87872-8},
  bibsource = {DBLP, http://dblp.uni-trier.de}
}
@proceedings{DBLP:conf/vstte/2008,
  title     = VSTTE2008,
  booktitle = VSTTE2008,
  publisher = {Springer},
  series    = LNCS,
  volume    = {5295},
  year      = {2008},
  isbn      = {978-3-540-87872-8},
  bibsource = {DBLP, http://dblp.uni-trier.de}
}


proceedings{DBLP:conf/csfw/2008,
  title     = {Proceedings of the 21st IEEE Computer Security Foundations
               Symposium, CSF 2008, Pittsburgh, Pennsylvania, 23-25 June
               2008},
  booktitle = {CSF},
  publisher = {IEEE Computer Society},
  year      = {2008},
  isbn      = {978-0-7695-3182-3},
  bibsource = {DBLP, http://dblp.uni-trier.de}
}
@proceedings{DBLP:conf/csfw/2008,
  title     = CSF2008,
  booktitle = CSF2008,
  publisher = {IEEE Computer Society},
  year      = {2008},
  isbn      = {978-0-7695-3182-3},
  bibsource = {DBLP, http://dblp.uni-trier.de}
}


proceedings{DBLP:conf/cbse/2009,
  editor    = {Grace A. Lewis and
               Iman Poernomo and
               Christine Hofmeister},
  title     = {Component-Based Software Engineering, 12th International
               Symposium, CBSE 2009, East Stroudsburg, PA, USA, June 24-26,
               2009, Proceedings},
  booktitle = {CBSE},
  publisher = {Springer},
  series    = {Lecture Notes in Computer Science},
  volume    = {5582},
  year      = {2009},
  isbn      = {978-3-642-02413-9},
  ee        = {http://dx.doi.org/10.1007/978-3-642-02414-6},
  bibsource = {DBLP, http://dblp.uni-trier.de}
}
@proceedings{DBLP:conf/cbse/2009,
  title     = CBSE2009,
  booktitle = CBSE2009,
  publisher = {Springer},
  series    = LNCS,
  volume    = {5582},
  year      = {2009},
  isbn      = {978-3-642-02413-9},
  ee        = {http://dx.doi.org/10.1007/978-3-642-02414-6},
  bibsource = {DBLP, http://dblp.uni-trier.de}
}
%  key       = {CBSE2009},


proceedings{DBLP:conf/pepm/2009,
  editor    = {Germ{\'a}n Puebla and
               Germ{\'a}n Vidal},
  title     = {Proceedings of the 2009 ACM SIGPLAN Symposium on Partial
               Evaluation and Semantics-based Program Manipulation, PEPM
               2009, Savannah, GA, USA, January 19-20, 2009},
  booktitle = {PEPM},
  publisher = {ACM},
  year      = {2009},
  isbn      = {978-1-60558-327-3},
  bibsource = {DBLP, http://dblp.uni-trier.de}
}
@proceedings{DBLP:conf/pepm/2009,
  title     = {PEPM},
  booktitle = {PEPM},
  publisher = {ACM},
  year      = {2009},
  isbn      = {978-1-60558-327-3},
  bibsource = {DBLP, http://dblp.uni-trier.de}
}


proceedings{DBLP:conf/csfw/2009,
  title     = CSF2009,
  booktitle = CSF2009,
  publisher = {IEEE Computer Society},
  year      = {2009},
  isbn      = {978-0-7695-3712-2},
  bibsource = {DBLP, http://dblp.uni-trier.de}
}
@proceedings{DBLP:conf/csfw/2009,
  title     = CSF2009,
  booktitle = CSF2009,
  publisher = {IEEE Computer Society},
  year      = {2009},
  isbn      = {978-0-7695-3712-2},
  bibsource = {DBLP, http://dblp.uni-trier.de}
}
%  key       = {CSF2009},


proceedings{DBLP:conf/sosp/2009,
  editor    = {Jeanna Neefe Matthews and
               Thomas E. Anderson},
  title     = {Proceedings of the 22nd ACM Symposium on Operating Systems
               Principles 2009, SOSP 2009, Big Sky, Montana, USA, October
               11-14, 2009},
  booktitle = {SOSP},
  publisher = {ACM},
  year      = {2009},
  isbn      = {978-1-60558-752-3},
  bibsource = {DBLP, http://dblp.uni-trier.de}
}
@proceedings{DBLP:conf/sosp/2009,
  title     = SOSP2009,
  booktitle = SOSP2009,
  publisher = {ACM},
  year      = {2009},
  isbn      = {978-1-60558-752-3},
  bibsource = {DBLP, http://dblp.uni-trier.de}
}
%  key       = {SOSP2009},


proceedings{DBLP:conf/tldi/2009,
  editor    = {Andrew Kennedy and
               Amal Ahmed},
  title     = {Proceedings of TLDI'09: 2009 ACM SIGPLAN International Workshop
               on Types in Languages Design and Implementation, Savannah,
               GA, USA, January 24, 2009},
  booktitle = {TLDI},
  publisher = {ACM},
  year      = {2009},
  isbn      = {978-1-60558-420-1},
  bibsource = {DBLP, http://dblp.uni-trier.de}
}
@proceedings{DBLP:conf/tldi/2009,
  title     = TLDI2009,
  booktitle = TLDI2009,
  publisher = {ACM},
  year      = {2009},
  isbn      = {978-1-60558-420-1},
  bibsource = {DBLP, http://dblp.uni-trier.de}
}


proceedings{DBLP:conf/forte/2009,
  editor    = {David Lee and
               Ant{\'o}nia Lopes and
               Arnd Poetzsch-Heffter},
  title     = {Formal Techniques for Distributed Systems, Joint 11th IFIP
               WG 6.1 International Conference FMOODS 2009 and 29th IFIP
               WG 6.1 International Conference FORTE 2009, Lisboa, Portugal,
               June 9-12, 2009. Proceedings},
  booktitle = {FMOODS/FORTE},
  publisher = {Springer},
  series    = {Lecture Notes in Computer Science},
  volume    = {5522},
  year      = {2009},
  isbn      = {978-3-642-02137-4},
  ee        = {http://dx.doi.org/10.1007/978-3-642-02138-1},
  bibsource = {DBLP, http://dblp.uni-trier.de}
}
@proceedings{DBLP:conf/forte/2009,
  title     = FORTE2009,
  booktitle = FORTE2009,
  publisher = {Springer},
  series    = LNCS,
  volume    = {5522},
  year      = {2009},
  isbn      = {978-3-642-02137-4},
  ee        = {http://dx.doi.org/10.1007/978-3-642-02138-1},
  bibsource = {DBLP, http://dblp.uni-trier.de}
}
%  key       = {FORTE2009},


proceedings{DBLP:conf/tphol/2009,
  editor    = {Stefan Berghofer and
               Tobias Nipkow and
               Christian Urban and
               Makarius Wenzel},
  title     = {Theorem Proving in Higher Order Logics, 22nd International
               Conference, TPHOLs 2009, Munich, Germany, August 17-20,
               2009. Proceedings},
  booktitle = {TPHOLs},
  publisher = {Springer},
  series    = {Lecture Notes in Computer Science},
  volume    = {5674},
  year      = {2009},
  isbn      = {978-3-642-03358-2},
  ee        = {http://dx.doi.org/10.1007/978-3-642-03359-9},
  bibsource = {DBLP, http://dblp.uni-trier.de}
}
@proceedings{DBLP:conf/tphol/2009,
  title     = TPHOLs2009,
  booktitle = TPHOLs2009,
  publisher = {Springer},
  series    = LNCS,
  volume    = {5674},
  year      = {2009},
  isbn      = {978-3-642-03358-2},
  ee        = {http://dx.doi.org/10.1007/978-3-642-03359-9},
  bibsource = {DBLP, http://dblp.uni-trier.de}
}


proceedings{DBLP:conf/icfp/2009,
  editor    = {Graham Hutton and
               Andrew P. Tolmach},
  title     = {Proceeding of the 14th ACM SIGPLAN international conference
               on Functional programming, ICFP 2009, Edinburgh, Scotland,
               UK, August 31 - September 2, 2009},
  booktitle = {ICFP},
  publisher = {ACM},
  year      = {2009},
  isbn      = {978-1-60558-332-7},
  bibsource = {DBLP, http://dblp.uni-trier.de}
}
@proceedings{DBLP:conf/icfp/2009,
  title     = ICFP2009,
  booktitle = ICFP2009,
  publisher = {ACM},
  year      = {2009},
  isbn      = {978-1-60558-332-7},
  bibsource = {DBLP, http://dblp.uni-trier.de}
}


proceedings{DBLP:conf/pepm/2010,
  editor    = {John P. Gallagher and
               Janis Voigtl{\"a}nder},
  title     = {Proceedings of the 2010 ACM SIGPLAN Workshop on Partial
               Evaluation and Program Manipulation, PEPM 2010, Madrid,
               Spain, January 18-19, 2010},
  booktitle = {PEPM},
  publisher = {ACM},
  year      = {2010},
  isbn      = {978-1-60558-727-1},
  bibsource = {DBLP, http://dblp.uni-trier.de}
}
@proceedings{DBLP:conf/pepm/2010,
  title     = {PEPM},
  booktitle = {PEPM},
  publisher = {ACM},
  year      = {2010},
  isbn      = {978-1-60558-727-1},
  bibsource = {DBLP, http://dblp.uni-trier.de}
}


proceedings{DBLP:conf/popl/2010,
  editor    = {Manuel V. Hermenegildo and
               Jens Palsberg},
  title     = POPL2010,
  booktitle = POPL2010,
  publisher = {ACM},
  year      = {2010},
  isbn      = {978-1-60558-479-9},
  bibsource = {DBLP, http://dblp.uni-trier.de}
}
@proceedings{DBLP:conf/popl/2010,
  title     = POPL2010,
  booktitle = POPL2010,
  publisher = {ACM},
  year      = {2010},
  isbn      = {978-1-60558-479-9},
  bibsource = {DBLP, http://dblp.uni-trier.de}
}
%  key       = {POPL2010},


proceedings{DBLP:conf/sigsoft/2010foser,
  editor    = {Gruia-Catalin Roman and
               Kevin J. Sullivan},
  title     = {Proceedings of the Workshop on Future of Software Engineering
               Research, FoSER 2010, at the 18th ACM SIGSOFT International
               Symposium on Foundations of Software Engineering, 2010,
               Santa Fe, NM, USA, November 7-11, 2010},
  booktitle = {FoSER},
  publisher = {ACM},
  year      = {2010},
  isbn      = {978-1-4503-0427-6},
  bibsource = {DBLP, http://dblp.uni-trier.de}
}
@proceedings{DBLP:conf/sigsoft/2010foser,
  title     = FoSER2010,
  booktitle = FoSER2010,
  publisher = {ACM},
  year      = {2010},
  isbn      = {978-1-4503-0427-6},
  bibsource = {DBLP, http://dblp.uni-trier.de}
}
%  key       = {FoSER2010},


proceedings{DBLP:conf/fmcad/2010,
  editor    = {Roderick Bloem and
               Natasha Sharygina},
  title     = {Proceedings of 10th International Conference on Formal Methods
               in Computer-Aided Design, FMCAD 2010, Lugano, Switzerland,
               October 20-23},
  booktitle = {FMCAD},
  publisher = {IEEE},
  year      = {2010},
  bibsource = {DBLP, http://dblp.uni-trier.de}
}
@proceedings{DBLP:conf/fmcad/2010,
  title     = FMCAD2010,
  booktitle = FMCAD2010,
  publisher = {IEEE},
  year      = {2010},
  bibsource = {DBLP, http://dblp.uni-trier.de}
}


proceedings{DBLP:conf/sp/2011,
  title     = SP2011,
  booktitle = SP2011,
  publisher = {IEEE Computer Society},
  year      = {2011},
  isbn      = {978-1-4577-0147-4},
  ee        = {http://ieeexplore.ieee.org/xpl/mostRecentIssue.jsp?punumber=5955408},
  bibsource = {DBLP, http://dblp.uni-trier.de}
}
@proceedings{DBLP:conf/sp/2011,
  title     = SP2011,
  booktitle = SP2011,
  publisher = {IEEE Computer Society},
  year      = {2011},
  isbn      = {978-1-4577-0147-4},
  ee        = {http://ieeexplore.ieee.org/xpl/mostRecentIssue.jsp?punumber=5955408},
  bibsource = {DBLP, http://dblp.uni-trier.de}
}
%  key       = {SP2011},


proceedings{DBLP:conf/icfp/2011,
  editor    = {Manuel M. T. Chakravarty and
               Zhenjiang Hu and
               Olivier Danvy},
  title     = {Proceeding of the 16th ACM SIGPLAN international conference
               on Functional Programming, ICFP 2011, Tokyo, Japan, September
               19-21, 2011},
  booktitle = {ICFP},
  publisher = {ACM},
  year      = {2011},
  isbn      = {978-1-4503-0865-6},
  bibsource = {DBLP, http://dblp.uni-trier.de}
}
@proceedings{DBLP:conf/icfp/2011,
  title     = ICFP2011,
  booktitle = ICFP2011,
  publisher = {ACM},
  year      = {2011},
  isbn      = {978-1-4503-0865-6},
  bibsource = {DBLP, http://dblp.uni-trier.de}
}
%key       = {ICFP2011},


proceedings{DBLP:conf/esop/2011,
  editor    = {Gilles Barthe},
  title     = {Programming Languages and Systems - 20th European Symposium
               on Programming, ESOP 2011, Held as Part of the Joint European
               Conferences on Theory and Practice of Software, ETAPS 2011,
               Saarbr{\"u}cken, Germany, March 26-April 3, 2011. Proceedings},
  booktitle = {ESOP},
  publisher = {Springer},
  series    = {Lecture Notes in Computer Science},
  volume    = {6602},
  year      = {2011},
  isbn      = {978-3-642-19717-8},
  ee        = {http://dx.doi.org/10.1007/978-3-642-19718-5},
  bibsource = {DBLP, http://dblp.uni-trier.de}
}
@proceedings{DBLP:conf/esop/2011,
  title     = ESOP2011,
  booktitle = ESOP2011,
  publisher = {Springer},
  series    = LNCS,
  volume    = {6602},
  year      = {2011},
  isbn      = {978-3-642-19717-8},
  ee        = {http://dx.doi.org/10.1007/978-3-642-19718-5},
  bibsource = {DBLP, http://dblp.uni-trier.de}
}


proceedings{DBLP:conf/vmcai/2012,
  editor    = {Viktor Kuncak and
               Andrey Rybalchenko},
  title     = {Verification, Model Checking, and Abstract Interpretation
               - 13th International Conference, VMCAI 2012, Philadelphia,
               PA, USA, January 22-24, 2012. Proceedings},
  booktitle = {VMCAI},
  publisher = {Springer},
  series    = {Lecture Notes in Computer Science},
  volume    = {7148},
  year      = {2012},
  isbn      = {978-3-642-27939-3},
  ee        = {http://dx.doi.org/10.1007/978-3-642-27940-9},
  bibsource = {DBLP, http://dblp.uni-trier.de}
}
@proceedings{DBLP:conf/vmcai/2012,
  title     = VMCAI2012,
  booktitle = VMCAI2012,
  publisher = {Springer},
  series    = LNCS,
  volume    = {7148},
  year      = {2012},
  isbn      = {978-3-642-27939-3},
  ee        = {http://dx.doi.org/10.1007/978-3-642-27940-9},
  bibsource = {DBLP, http://dblp.uni-trier.de}
}
